%YAML 1.1
%TAG !u! tag:unity3d.com,2011:
--- !u!1001 &100100000
Prefab:
  m_ObjectHideFlags: 1
  serializedVersion: 2
  m_Modification:
    m_TransformParent: {fileID: 0}
    m_Modifications: []
    m_RemovedComponents: []
  m_ParentPrefab: {fileID: 0}
  m_RootGameObject: {fileID: 1700683834076352}
  m_IsPrefabParent: 1
--- !u!1 &1018581788384468
GameObject:
  m_ObjectHideFlags: 1
  m_PrefabParentObject: {fileID: 0}
  m_PrefabInternal: {fileID: 100100000}
  serializedVersion: 5
  m_Component:
  - component: {fileID: 4286433390257622}
  - component: {fileID: 33239946800936552}
  - component: {fileID: 23395396959796472}
  m_Layer: 0
  m_Name: TileEmodernEBtiles2
  m_TagString: Untagged
  m_Icon: {fileID: 0}
  m_NavMeshLayer: 0
  m_StaticEditorFlags: 0
  m_IsActive: 1
--- !u!1 &1023509155481488
GameObject:
  m_ObjectHideFlags: 1
  m_PrefabParentObject: {fileID: 0}
  m_PrefabInternal: {fileID: 100100000}
  serializedVersion: 5
  m_Component:
  - component: {fileID: 4934613809011274}
  - component: {fileID: 33408904567514900}
  - component: {fileID: 23510222837353802}
  m_Layer: 0
  m_Name: terrain_atlas
  m_TagString: Untagged
  m_Icon: {fileID: 0}
  m_NavMeshLayer: 0
  m_StaticEditorFlags: 0
  m_IsActive: 1
--- !u!1 &1060379908165540
GameObject:
  m_ObjectHideFlags: 1
  m_PrefabParentObject: {fileID: 0}
  m_PrefabInternal: {fileID: 100100000}
  serializedVersion: 5
  m_Component:
  - component: {fileID: 4700377029647418}
  - component: {fileID: 33007623312555836}
  - component: {fileID: 23465116440242374}
  m_Layer: 0
  m_Name: house_inside_2
  m_TagString: Untagged
  m_Icon: {fileID: 0}
  m_NavMeshLayer: 0
  m_StaticEditorFlags: 0
  m_IsActive: 1
--- !u!1 &1134964739089150
GameObject:
  m_ObjectHideFlags: 1
  m_PrefabParentObject: {fileID: 0}
  m_PrefabInternal: {fileID: 100100000}
  serializedVersion: 5
  m_Component:
  - component: {fileID: 4427463151837918}
  - component: {fileID: 33286040903277770}
  - component: {fileID: 23263747903656876}
  m_Layer: 0
  m_Name: obj_misk_atlas
  m_TagString: Untagged
  m_Icon: {fileID: 0}
  m_NavMeshLayer: 0
  m_StaticEditorFlags: 0
  m_IsActive: 1
--- !u!1 &1188924344004392
GameObject:
  m_ObjectHideFlags: 1
  m_PrefabParentObject: {fileID: 0}
  m_PrefabInternal: {fileID: 100100000}
  serializedVersion: 5
  m_Component:
  - component: {fileID: 4340738077382438}
  - component: {fileID: 33738061806462354}
  - component: {fileID: 23310336944965350}
  m_Layer: 0
  m_Name: house_inside_2
  m_TagString: Untagged
  m_Icon: {fileID: 0}
  m_NavMeshLayer: 0
  m_StaticEditorFlags: 0
  m_IsActive: 1
--- !u!1 &1210771237751486
GameObject:
  m_ObjectHideFlags: 0
  m_PrefabParentObject: {fileID: 0}
  m_PrefabInternal: {fileID: 100100000}
  serializedVersion: 5
  m_Component:
  - component: {fileID: 4635324700270384}
  - component: {fileID: 114110516814348906}
  m_Layer: 0
  m_Name: rembarde
  m_TagString: Untagged
  m_Icon: {fileID: 0}
  m_NavMeshLayer: 0
  m_StaticEditorFlags: 0
  m_IsActive: 1
--- !u!1 &1227313816626422
GameObject:
  m_ObjectHideFlags: 1
  m_PrefabParentObject: {fileID: 0}
  m_PrefabInternal: {fileID: 100100000}
  serializedVersion: 5
  m_Component:
  - component: {fileID: 4684701811339938}
  - component: {fileID: 60998076585552574}
  m_Layer: 0
  m_Name: Collision
  m_TagString: Untagged
  m_Icon: {fileID: 0}
  m_NavMeshLayer: 0
  m_StaticEditorFlags: 0
  m_IsActive: 1
--- !u!1 &1239297791689414
GameObject:
  m_ObjectHideFlags: 1
  m_PrefabParentObject: {fileID: 0}
  m_PrefabInternal: {fileID: 100100000}
  serializedVersion: 5
  m_Component:
  - component: {fileID: 4147335375217656}
  - component: {fileID: 33622077819134984}
  - component: {fileID: 23924373268540982}
  m_Layer: 0
  m_Name: terrain_2
  m_TagString: Untagged
  m_Icon: {fileID: 0}
  m_NavMeshLayer: 0
  m_StaticEditorFlags: 0
  m_IsActive: 1
--- !u!1 &1263216839881920
GameObject:
  m_ObjectHideFlags: 1
  m_PrefabParentObject: {fileID: 0}
  m_PrefabInternal: {fileID: 100100000}
  serializedVersion: 5
  m_Component:
  - component: {fileID: 4825449680629252}
  - component: {fileID: 33246016175444776}
  - component: {fileID: 23614939637412602}
  - component: {fileID: 114876253518157462}
  m_Layer: 0
  m_Name: base_out_atlas
  m_TagString: Untagged
  m_Icon: {fileID: 0}
  m_NavMeshLayer: 0
  m_StaticEditorFlags: 0
  m_IsActive: 1
--- !u!1 &1284359262792378
GameObject:
  m_ObjectHideFlags: 1
  m_PrefabParentObject: {fileID: 0}
  m_PrefabInternal: {fileID: 100100000}
  serializedVersion: 5
  m_Component:
  - component: {fileID: 4138262463526282}
  - component: {fileID: 33621960795157742}
  - component: {fileID: 23515228355396278}
  m_Layer: 0
  m_Name: obj_misk_atlas
  m_TagString: Untagged
  m_Icon: {fileID: 0}
  m_NavMeshLayer: 0
  m_StaticEditorFlags: 0
  m_IsActive: 1
--- !u!1 &1308861045261336
GameObject:
  m_ObjectHideFlags: 1
  m_PrefabParentObject: {fileID: 0}
  m_PrefabInternal: {fileID: 100100000}
  serializedVersion: 5
  m_Component:
  - component: {fileID: 4613361374592190}
  - component: {fileID: 33958909756843840}
  - component: {fileID: 23954734359722206}
  m_Layer: 0
  m_Name: obj_misk_atlas
  m_TagString: Untagged
  m_Icon: {fileID: 0}
  m_NavMeshLayer: 0
  m_StaticEditorFlags: 0
  m_IsActive: 1
--- !u!1 &1353865949197718
GameObject:
  m_ObjectHideFlags: 1
  m_PrefabParentObject: {fileID: 0}
  m_PrefabInternal: {fileID: 100100000}
  serializedVersion: 5
  m_Component:
  - component: {fileID: 4131246016486762}
  - component: {fileID: 33585267895280388}
  - component: {fileID: 23444706869365170}
  m_Layer: 0
  m_Name: house_inside_2
  m_TagString: Untagged
  m_Icon: {fileID: 0}
  m_NavMeshLayer: 0
  m_StaticEditorFlags: 0
  m_IsActive: 1
--- !u!1 &1389860759983064
GameObject:
  m_ObjectHideFlags: 1
  m_PrefabParentObject: {fileID: 0}
  m_PrefabInternal: {fileID: 100100000}
  serializedVersion: 5
  m_Component:
  - component: {fileID: 4471128398893896}
  - component: {fileID: 33840163842989468}
  - component: {fileID: 23949257189403934}
  m_Layer: 0
  m_Name: obj_misk_atlas
  m_TagString: Untagged
  m_Icon: {fileID: 0}
  m_NavMeshLayer: 0
  m_StaticEditorFlags: 0
  m_IsActive: 1
--- !u!1 &1457195849244822
GameObject:
  m_ObjectHideFlags: 0
  m_PrefabParentObject: {fileID: 0}
  m_PrefabInternal: {fileID: 100100000}
  serializedVersion: 5
  m_Component:
  - component: {fileID: 4939859770566190}
  - component: {fileID: 114514845578428492}
  m_Layer: 0
  m_Name: murs
  m_TagString: Untagged
  m_Icon: {fileID: 0}
  m_NavMeshLayer: 0
  m_StaticEditorFlags: 0
  m_IsActive: 1
--- !u!1 &1480761183466734
GameObject:
  m_ObjectHideFlags: 0
  m_PrefabParentObject: {fileID: 0}
  m_PrefabInternal: {fileID: 100100000}
  serializedVersion: 5
  m_Component:
  - component: {fileID: 4785987878448532}
  - component: {fileID: 114957604853482980}
  m_Layer: 0
  m_Name: Collision
  m_TagString: Untagged
  m_Icon: {fileID: 0}
  m_NavMeshLayer: 0
  m_StaticEditorFlags: 0
  m_IsActive: 1
--- !u!1 &1518683274716338
GameObject:
  m_ObjectHideFlags: 0
  m_PrefabParentObject: {fileID: 0}
  m_PrefabInternal: {fileID: 100100000}
  serializedVersion: 5
  m_Component:
  - component: {fileID: 4256684086980808}
  - component: {fileID: 114084038592855598}
  m_Layer: 0
  m_Name: Objets Top
  m_TagString: Untagged
  m_Icon: {fileID: 0}
  m_NavMeshLayer: 0
  m_StaticEditorFlags: 0
  m_IsActive: 1
--- !u!1 &1530409190761878
GameObject:
  m_ObjectHideFlags: 1
  m_PrefabParentObject: {fileID: 0}
  m_PrefabInternal: {fileID: 100100000}
  serializedVersion: 5
  m_Component:
  - component: {fileID: 4668111893894860}
  - component: {fileID: 33993703485852462}
  - component: {fileID: 23705146623035150}
  m_Layer: 0
  m_Name: TileEmodernEBtiles2
  m_TagString: Untagged
  m_Icon: {fileID: 0}
  m_NavMeshLayer: 0
  m_StaticEditorFlags: 0
  m_IsActive: 1
--- !u!1 &1588007262092860
GameObject:
  m_ObjectHideFlags: 1
  m_PrefabParentObject: {fileID: 0}
  m_PrefabInternal: {fileID: 100100000}
  serializedVersion: 5
  m_Component:
  - component: {fileID: 4312486840912642}
  - component: {fileID: 33072504436154916}
  - component: {fileID: 23987033994980604}
  m_Layer: 0
  m_Name: house_inside_2
  m_TagString: Untagged
  m_Icon: {fileID: 0}
  m_NavMeshLayer: 0
  m_StaticEditorFlags: 0
  m_IsActive: 1
--- !u!1 &1670315720454250
GameObject:
  m_ObjectHideFlags: 1
  m_PrefabParentObject: {fileID: 0}
  m_PrefabInternal: {fileID: 100100000}
  serializedVersion: 5
  m_Component:
  - component: {fileID: 4703681926600658}
  - component: {fileID: 33830179315524470}
  - component: {fileID: 23295672507510958}
  m_Layer: 0
  m_Name: obj_misk_atlas
  m_TagString: Untagged
  m_Icon: {fileID: 0}
  m_NavMeshLayer: 0
  m_StaticEditorFlags: 0
  m_IsActive: 1
--- !u!1 &1700683834076352
GameObject:
  m_ObjectHideFlags: 0
  m_PrefabParentObject: {fileID: 0}
  m_PrefabInternal: {fileID: 100100000}
  serializedVersion: 5
  m_Component:
  - component: {fileID: 4707196065218016}
  - component: {fileID: 114466245162573854}
  m_Layer: 0
  m_Name: Etage1
  m_TagString: Untagged
  m_Icon: {fileID: 0}
  m_NavMeshLayer: 0
  m_StaticEditorFlags: 0
  m_IsActive: 1
--- !u!1 &1810309637600106
GameObject:
  m_ObjectHideFlags: 1
  m_PrefabParentObject: {fileID: 0}
  m_PrefabInternal: {fileID: 100100000}
  serializedVersion: 5
  m_Component:
  - component: {fileID: 4964983480290076}
  - component: {fileID: 33302711506198774}
  - component: {fileID: 23167860123107990}
  m_Layer: 0
  m_Name: build_atlas
  m_TagString: Untagged
  m_Icon: {fileID: 0}
  m_NavMeshLayer: 0
  m_StaticEditorFlags: 0
  m_IsActive: 1
--- !u!1 &1834214890443626
GameObject:
  m_ObjectHideFlags: 0
  m_PrefabParentObject: {fileID: 0}
  m_PrefabInternal: {fileID: 100100000}
  serializedVersion: 5
  m_Component:
  - component: {fileID: 4337982600292568}
  - component: {fileID: 114104604260367148}
  m_Layer: 0
  m_Name: exterieur
  m_TagString: Untagged
  m_Icon: {fileID: 0}
  m_NavMeshLayer: 0
  m_StaticEditorFlags: 0
  m_IsActive: 1
--- !u!1 &1834884371091678
GameObject:
  m_ObjectHideFlags: 1
  m_PrefabParentObject: {fileID: 0}
  m_PrefabInternal: {fileID: 100100000}
  serializedVersion: 5
  m_Component:
  - component: {fileID: 4008223974958890}
  - component: {fileID: 33173362231275540}
  - component: {fileID: 23106639118420388}
  m_Layer: 0
  m_Name: obj_misk_atlas
  m_TagString: Untagged
  m_Icon: {fileID: 0}
  m_NavMeshLayer: 0
  m_StaticEditorFlags: 0
  m_IsActive: 1
--- !u!1 &1851625969470638
GameObject:
  m_ObjectHideFlags: 0
  m_PrefabParentObject: {fileID: 0}
  m_PrefabInternal: {fileID: 100100000}
  serializedVersion: 5
  m_Component:
  - component: {fileID: 4000843174559966}
  - component: {fileID: 114856955990759664}
  m_Layer: 0
  m_Name: objet
  m_TagString: Untagged
  m_Icon: {fileID: 0}
  m_NavMeshLayer: 0
  m_StaticEditorFlags: 0
  m_IsActive: 1
--- !u!1 &1864035126746190
GameObject:
  m_ObjectHideFlags: 1
  m_PrefabParentObject: {fileID: 0}
  m_PrefabInternal: {fileID: 100100000}
  serializedVersion: 5
  m_Component:
  - component: {fileID: 4179665785837442}
  - component: {fileID: 33126786406654336}
  - component: {fileID: 23135009197802750}
  m_Layer: 0
  m_Name: base_out_atlas
  m_TagString: Untagged
  m_Icon: {fileID: 0}
  m_NavMeshLayer: 0
  m_StaticEditorFlags: 0
  m_IsActive: 1
--- !u!1 &1872845049519410
GameObject:
  m_ObjectHideFlags: 1
  m_PrefabParentObject: {fileID: 0}
  m_PrefabInternal: {fileID: 100100000}
  serializedVersion: 5
  m_Component:
  - component: {fileID: 4510964428783252}
  - component: {fileID: 33962829365997808}
  - component: {fileID: 23167569767482882}
  m_Layer: 0
  m_Name: terrain_2
  m_TagString: Untagged
  m_Icon: {fileID: 0}
  m_NavMeshLayer: 0
  m_StaticEditorFlags: 0
  m_IsActive: 1
--- !u!1 &1890679977034876
GameObject:
  m_ObjectHideFlags: 1
  m_PrefabParentObject: {fileID: 0}
  m_PrefabInternal: {fileID: 100100000}
  serializedVersion: 5
  m_Component:
  - component: {fileID: 4670009331572822}
  - component: {fileID: 33560462698605686}
  - component: {fileID: 23470590206103726}
  m_Layer: 0
  m_Name: house_inside_2
  m_TagString: Untagged
  m_Icon: {fileID: 0}
  m_NavMeshLayer: 0
  m_StaticEditorFlags: 0
  m_IsActive: 1
--- !u!1 &1936604299665228
GameObject:
  m_ObjectHideFlags: 0
  m_PrefabParentObject: {fileID: 0}
  m_PrefabInternal: {fileID: 100100000}
  serializedVersion: 5
  m_Component:
  - component: {fileID: 4586111882253598}
  - component: {fileID: 114606522037887484}
  m_Layer: 0
  m_Name: Sol_etage
  m_TagString: Untagged
  m_Icon: {fileID: 0}
  m_NavMeshLayer: 0
  m_StaticEditorFlags: 0
  m_IsActive: 1
--- !u!1 &1966282309565452
GameObject:
  m_ObjectHideFlags: 1
  m_PrefabParentObject: {fileID: 0}
  m_PrefabInternal: {fileID: 100100000}
  serializedVersion: 5
  m_Component:
  - component: {fileID: 4326548615045880}
  - component: {fileID: 33146826074897794}
  - component: {fileID: 23763386640284150}
  m_Layer: 0
  m_Name: terrain_2
  m_TagString: Untagged
  m_Icon: {fileID: 0}
  m_NavMeshLayer: 0
  m_StaticEditorFlags: 0
  m_IsActive: 1
--- !u!1 &1973354133882410
GameObject:
  m_ObjectHideFlags: 0
  m_PrefabParentObject: {fileID: 0}
  m_PrefabInternal: {fileID: 100100000}
  serializedVersion: 5
  m_Component:
  - component: {fileID: 4953167011106134}
  - component: {fileID: 114765645915685668}
  m_Layer: 0
  m_Name: affiche/escalier
  m_TagString: Untagged
  m_Icon: {fileID: 0}
  m_NavMeshLayer: 0
  m_StaticEditorFlags: 0
  m_IsActive: 1
--- !u!1 &1984644987749046
GameObject:
  m_ObjectHideFlags: 1
  m_PrefabParentObject: {fileID: 0}
  m_PrefabInternal: {fileID: 100100000}
  serializedVersion: 5
  m_Component:
  - component: {fileID: 4452898817141396}
  - component: {fileID: 33607114959296598}
  - component: {fileID: 23169991156363582}
  m_Layer: 0
  m_Name: base_out_atlas
  m_TagString: Untagged
  m_Icon: {fileID: 0}
  m_NavMeshLayer: 0
  m_StaticEditorFlags: 0
  m_IsActive: 1
--- !u!4 &4000843174559966
Transform:
  m_ObjectHideFlags: 1
  m_PrefabParentObject: {fileID: 0}
  m_PrefabInternal: {fileID: 100100000}
  m_GameObject: {fileID: 1851625969470638}
  m_LocalRotation: {x: -0, y: -0, z: -0, w: 1}
  m_LocalPosition: {x: 0, y: 0, z: 0}
  m_LocalScale: {x: 1, y: 1, z: 1}
  m_Children:
  - {fileID: 4427463151837918}
  - {fileID: 4286433390257622}
  - {fileID: 4934613809011274}
  m_Father: {fileID: 4707196065218016}
  m_RootOrder: 6
  m_LocalEulerAnglesHint: {x: 0, y: 0, z: 0}
--- !u!4 &4008223974958890
Transform:
  m_ObjectHideFlags: 1
  m_PrefabParentObject: {fileID: 0}
  m_PrefabInternal: {fileID: 100100000}
  m_GameObject: {fileID: 1834884371091678}
  m_LocalRotation: {x: -0, y: -0, z: -0, w: 1}
  m_LocalPosition: {x: 0, y: 0, z: 0}
  m_LocalScale: {x: 1, y: 1, z: 1}
  m_Children: []
  m_Father: {fileID: 4586111882253598}
  m_RootOrder: 1
  m_LocalEulerAnglesHint: {x: 0, y: 0, z: 0}
--- !u!4 &4131246016486762
Transform:
  m_ObjectHideFlags: 1
  m_PrefabParentObject: {fileID: 0}
  m_PrefabInternal: {fileID: 100100000}
  m_GameObject: {fileID: 1353865949197718}
  m_LocalRotation: {x: -0, y: -0, z: -0, w: 1}
  m_LocalPosition: {x: 0, y: 0, z: 0}
  m_LocalScale: {x: 1, y: 1, z: 1}
  m_Children: []
  m_Father: {fileID: 4337982600292568}
  m_RootOrder: 1
  m_LocalEulerAnglesHint: {x: 0, y: 0, z: 0}
--- !u!4 &4138262463526282
Transform:
  m_ObjectHideFlags: 1
  m_PrefabParentObject: {fileID: 0}
  m_PrefabInternal: {fileID: 100100000}
  m_GameObject: {fileID: 1284359262792378}
  m_LocalRotation: {x: -0, y: -0, z: -0, w: 1}
  m_LocalPosition: {x: 0, y: 0, z: 0}
  m_LocalScale: {x: 1, y: 1, z: 1}
  m_Children: []
  m_Father: {fileID: 4953167011106134}
  m_RootOrder: 0
  m_LocalEulerAnglesHint: {x: 0, y: 0, z: 0}
--- !u!4 &4147335375217656
Transform:
  m_ObjectHideFlags: 1
  m_PrefabParentObject: {fileID: 0}
  m_PrefabInternal: {fileID: 100100000}
  m_GameObject: {fileID: 1239297791689414}
  m_LocalRotation: {x: -0, y: -0, z: -0, w: 1}
  m_LocalPosition: {x: 0, y: 0, z: 0}
  m_LocalScale: {x: 1, y: 1, z: 1}
  m_Children: []
  m_Father: {fileID: 4953167011106134}
  m_RootOrder: 3
  m_LocalEulerAnglesHint: {x: 0, y: 0, z: 0}
--- !u!4 &4179665785837442
Transform:
  m_ObjectHideFlags: 1
  m_PrefabParentObject: {fileID: 0}
  m_PrefabInternal: {fileID: 100100000}
  m_GameObject: {fileID: 1864035126746190}
  m_LocalRotation: {x: -0, y: -0, z: -0, w: 1}
  m_LocalPosition: {x: 0, y: 0, z: 0}
  m_LocalScale: {x: 1, y: 1, z: 1}
  m_Children: []
  m_Father: {fileID: 4337982600292568}
  m_RootOrder: 0
  m_LocalEulerAnglesHint: {x: 0, y: 0, z: 0}
--- !u!4 &4256684086980808
Transform:
  m_ObjectHideFlags: 1
  m_PrefabParentObject: {fileID: 0}
  m_PrefabInternal: {fileID: 100100000}
  m_GameObject: {fileID: 1518683274716338}
  m_LocalRotation: {x: -0, y: -0, z: -0, w: 1}
  m_LocalPosition: {x: 0, y: 0, z: 0}
  m_LocalScale: {x: 1, y: 1, z: 1}
  m_Children:
  - {fileID: 4340738077382438}
  - {fileID: 4668111893894860}
  m_Father: {fileID: 4707196065218016}
  m_RootOrder: 4
  m_LocalEulerAnglesHint: {x: 0, y: 0, z: 0}
--- !u!4 &4286433390257622
Transform:
  m_ObjectHideFlags: 1
  m_PrefabParentObject: {fileID: 0}
  m_PrefabInternal: {fileID: 100100000}
  m_GameObject: {fileID: 1018581788384468}
  m_LocalRotation: {x: -0, y: -0, z: -0, w: 1}
  m_LocalPosition: {x: 0, y: 0, z: 0}
  m_LocalScale: {x: 1, y: 1, z: 1}
  m_Children: []
  m_Father: {fileID: 4000843174559966}
  m_RootOrder: 1
  m_LocalEulerAnglesHint: {x: 0, y: 0, z: 0}
--- !u!4 &4312486840912642
Transform:
  m_ObjectHideFlags: 1
  m_PrefabParentObject: {fileID: 0}
  m_PrefabInternal: {fileID: 100100000}
  m_GameObject: {fileID: 1588007262092860}
  m_LocalRotation: {x: -0, y: -0, z: -0, w: 1}
  m_LocalPosition: {x: 0, y: 0, z: 0}
  m_LocalScale: {x: 1, y: 1, z: 1}
  m_Children: []
  m_Father: {fileID: 4586111882253598}
  m_RootOrder: 0
  m_LocalEulerAnglesHint: {x: 0, y: 0, z: 0}
--- !u!4 &4326548615045880
Transform:
  m_ObjectHideFlags: 1
  m_PrefabParentObject: {fileID: 0}
  m_PrefabInternal: {fileID: 100100000}
  m_GameObject: {fileID: 1966282309565452}
  m_LocalRotation: {x: -0, y: -0, z: -0, w: 1}
  m_LocalPosition: {x: 0, y: 0, z: 0}
  m_LocalScale: {x: 1, y: 1, z: 1}
  m_Children: []
  m_Father: {fileID: 4939859770566190}
  m_RootOrder: 2
  m_LocalEulerAnglesHint: {x: 0, y: 0, z: 0}
--- !u!4 &4337982600292568
Transform:
  m_ObjectHideFlags: 1
  m_PrefabParentObject: {fileID: 0}
  m_PrefabInternal: {fileID: 100100000}
  m_GameObject: {fileID: 1834214890443626}
  m_LocalRotation: {x: -0, y: -0, z: -0, w: 1}
  m_LocalPosition: {x: 0, y: 0, z: 0}
  m_LocalScale: {x: 1, y: 1, z: 1}
  m_Children:
  - {fileID: 4179665785837442}
  - {fileID: 4131246016486762}
  - {fileID: 4613361374592190}
  m_Father: {fileID: 4707196065218016}
  m_RootOrder: 0
  m_LocalEulerAnglesHint: {x: 0, y: 0, z: 0}
--- !u!4 &4340738077382438
Transform:
  m_ObjectHideFlags: 1
  m_PrefabParentObject: {fileID: 0}
  m_PrefabInternal: {fileID: 100100000}
  m_GameObject: {fileID: 1188924344004392}
  m_LocalRotation: {x: -0, y: -0, z: -0, w: 1}
  m_LocalPosition: {x: 0, y: 0, z: 0}
  m_LocalScale: {x: 1, y: 1, z: 1}
  m_Children: []
  m_Father: {fileID: 4256684086980808}
  m_RootOrder: 0
  m_LocalEulerAnglesHint: {x: 0, y: 0, z: 0}
--- !u!4 &4427463151837918
Transform:
  m_ObjectHideFlags: 1
  m_PrefabParentObject: {fileID: 0}
  m_PrefabInternal: {fileID: 100100000}
  m_GameObject: {fileID: 1134964739089150}
  m_LocalRotation: {x: -0, y: -0, z: -0, w: 1}
  m_LocalPosition: {x: 0, y: 0, z: 0}
  m_LocalScale: {x: 1, y: 1, z: 1}
  m_Children: []
  m_Father: {fileID: 4000843174559966}
  m_RootOrder: 0
  m_LocalEulerAnglesHint: {x: 0, y: 0, z: 0}
--- !u!4 &4452898817141396
Transform:
  m_ObjectHideFlags: 1
  m_PrefabParentObject: {fileID: 0}
  m_PrefabInternal: {fileID: 100100000}
  m_GameObject: {fileID: 1984644987749046}
  m_LocalRotation: {x: -0, y: -0, z: -0, w: 1}
  m_LocalPosition: {x: 0, y: 0, z: 0}
  m_LocalScale: {x: 1, y: 1, z: 1}
  m_Children: []
  m_Father: {fileID: 4953167011106134}
  m_RootOrder: 2
  m_LocalEulerAnglesHint: {x: 0, y: 0, z: 0}
--- !u!4 &4471128398893896
Transform:
  m_ObjectHideFlags: 1
  m_PrefabParentObject: {fileID: 0}
  m_PrefabInternal: {fileID: 100100000}
  m_GameObject: {fileID: 1389860759983064}
  m_LocalRotation: {x: -0, y: -0, z: -0, w: 1}
  m_LocalPosition: {x: 0, y: 0, z: 0}
  m_LocalScale: {x: 1, y: 1, z: 1}
  m_Children: []
  m_Father: {fileID: 4939859770566190}
  m_RootOrder: 1
  m_LocalEulerAnglesHint: {x: 0, y: 0, z: 0}
--- !u!4 &4510964428783252
Transform:
  m_ObjectHideFlags: 1
  m_PrefabParentObject: {fileID: 0}
  m_PrefabInternal: {fileID: 100100000}
  m_GameObject: {fileID: 1872845049519410}
  m_LocalRotation: {x: -0, y: -0, z: -0, w: 1}
  m_LocalPosition: {x: 0, y: 0, z: 0}
  m_LocalScale: {x: 1, y: 1, z: 1}
  m_Children: []
  m_Father: {fileID: 4635324700270384}
  m_RootOrder: 2
  m_LocalEulerAnglesHint: {x: 0, y: 0, z: 0}
--- !u!4 &4586111882253598
Transform:
  m_ObjectHideFlags: 1
  m_PrefabParentObject: {fileID: 0}
  m_PrefabInternal: {fileID: 100100000}
  m_GameObject: {fileID: 1936604299665228}
  m_LocalRotation: {x: -0, y: -0, z: -0, w: 1}
  m_LocalPosition: {x: 0, y: 0, z: 0}
  m_LocalScale: {x: 1, y: 1, z: 1}
  m_Children:
  - {fileID: 4312486840912642}
  - {fileID: 4008223974958890}
  m_Father: {fileID: 4707196065218016}
  m_RootOrder: 1
  m_LocalEulerAnglesHint: {x: 0, y: 0, z: 0}
--- !u!4 &4613361374592190
Transform:
  m_ObjectHideFlags: 1
  m_PrefabParentObject: {fileID: 0}
  m_PrefabInternal: {fileID: 100100000}
  m_GameObject: {fileID: 1308861045261336}
  m_LocalRotation: {x: -0, y: -0, z: -0, w: 1}
  m_LocalPosition: {x: 0, y: 0, z: 0}
  m_LocalScale: {x: 1, y: 1, z: 1}
  m_Children: []
  m_Father: {fileID: 4337982600292568}
  m_RootOrder: 2
  m_LocalEulerAnglesHint: {x: 0, y: 0, z: 0}
--- !u!4 &4635324700270384
Transform:
  m_ObjectHideFlags: 1
  m_PrefabParentObject: {fileID: 0}
  m_PrefabInternal: {fileID: 100100000}
  m_GameObject: {fileID: 1210771237751486}
  m_LocalRotation: {x: -0, y: -0, z: -0, w: 1}
  m_LocalPosition: {x: 0, y: 0, z: 0}
  m_LocalScale: {x: 1, y: 1, z: 1}
  m_Children:
  - {fileID: 4703681926600658}
  - {fileID: 4964983480290076}
  - {fileID: 4510964428783252}
  m_Father: {fileID: 4707196065218016}
  m_RootOrder: 2
  m_LocalEulerAnglesHint: {x: 0, y: 0, z: 0}
--- !u!4 &4668111893894860
Transform:
  m_ObjectHideFlags: 1
  m_PrefabParentObject: {fileID: 0}
  m_PrefabInternal: {fileID: 100100000}
  m_GameObject: {fileID: 1530409190761878}
  m_LocalRotation: {x: -0, y: -0, z: -0, w: 1}
  m_LocalPosition: {x: 0, y: 0, z: 0}
  m_LocalScale: {x: 1, y: 1, z: 1}
  m_Children: []
  m_Father: {fileID: 4256684086980808}
  m_RootOrder: 1
  m_LocalEulerAnglesHint: {x: 0, y: 0, z: 0}
--- !u!4 &4670009331572822
Transform:
  m_ObjectHideFlags: 1
  m_PrefabParentObject: {fileID: 0}
  m_PrefabInternal: {fileID: 100100000}
  m_GameObject: {fileID: 1890679977034876}
  m_LocalRotation: {x: -0, y: -0, z: -0, w: 1}
  m_LocalPosition: {x: 0, y: 0, z: 0}
  m_LocalScale: {x: 1, y: 1, z: 1}
  m_Children: []
  m_Father: {fileID: 4939859770566190}
  m_RootOrder: 0
  m_LocalEulerAnglesHint: {x: 0, y: 0, z: 0}
--- !u!4 &4684701811339938
Transform:
  m_ObjectHideFlags: 1
  m_PrefabParentObject: {fileID: 0}
  m_PrefabInternal: {fileID: 100100000}
  m_GameObject: {fileID: 1227313816626422}
  m_LocalRotation: {x: -0, y: -0, z: -0, w: 1}
  m_LocalPosition: {x: 0, y: 0, z: 0}
  m_LocalScale: {x: 1, y: 1, z: 1}
  m_Children: []
  m_Father: {fileID: 4785987878448532}
  m_RootOrder: 1
  m_LocalEulerAnglesHint: {x: 0, y: 0, z: 0}
--- !u!4 &4700377029647418
Transform:
  m_ObjectHideFlags: 1
  m_PrefabParentObject: {fileID: 0}
  m_PrefabInternal: {fileID: 100100000}
  m_GameObject: {fileID: 1060379908165540}
  m_LocalRotation: {x: -0, y: -0, z: -0, w: 1}
  m_LocalPosition: {x: 0, y: 0, z: 0}
  m_LocalScale: {x: 1, y: 1, z: 1}
  m_Children: []
  m_Father: {fileID: 4953167011106134}
  m_RootOrder: 1
  m_LocalEulerAnglesHint: {x: 0, y: 0, z: 0}
--- !u!4 &4703681926600658
Transform:
  m_ObjectHideFlags: 1
  m_PrefabParentObject: {fileID: 0}
  m_PrefabInternal: {fileID: 100100000}
  m_GameObject: {fileID: 1670315720454250}
  m_LocalRotation: {x: -0, y: -0, z: -0, w: 1}
  m_LocalPosition: {x: 0, y: 0, z: 0}
  m_LocalScale: {x: 1, y: 1, z: 1}
  m_Children: []
  m_Father: {fileID: 4635324700270384}
  m_RootOrder: 0
  m_LocalEulerAnglesHint: {x: 0, y: 0, z: 0}
--- !u!4 &4707196065218016
Transform:
  m_ObjectHideFlags: 1
  m_PrefabParentObject: {fileID: 0}
  m_PrefabInternal: {fileID: 100100000}
  m_GameObject: {fileID: 1700683834076352}
  m_LocalRotation: {x: 0, y: 0, z: 0, w: 1}
  m_LocalPosition: {x: 0, y: 0, z: 0}
  m_LocalScale: {x: 1, y: 1, z: 1}
  m_Children:
  - {fileID: 4337982600292568}
  - {fileID: 4586111882253598}
  - {fileID: 4635324700270384}
  - {fileID: 4939859770566190}
  - {fileID: 4256684086980808}
  - {fileID: 4953167011106134}
  - {fileID: 4000843174559966}
  - {fileID: 4785987878448532}
  m_Father: {fileID: 0}
  m_RootOrder: 0
  m_LocalEulerAnglesHint: {x: 0, y: 0, z: 0}
--- !u!4 &4785987878448532
Transform:
  m_ObjectHideFlags: 1
  m_PrefabParentObject: {fileID: 0}
  m_PrefabInternal: {fileID: 100100000}
  m_GameObject: {fileID: 1480761183466734}
  m_LocalRotation: {x: -0, y: -0, z: -0, w: 1}
  m_LocalPosition: {x: 0, y: 0, z: 0}
  m_LocalScale: {x: 1, y: 1, z: 1}
  m_Children:
  - {fileID: 4825449680629252}
  - {fileID: 4684701811339938}
  m_Father: {fileID: 4707196065218016}
  m_RootOrder: 7
  m_LocalEulerAnglesHint: {x: 0, y: 0, z: 0}
--- !u!4 &4825449680629252
Transform:
  m_ObjectHideFlags: 1
  m_PrefabParentObject: {fileID: 0}
  m_PrefabInternal: {fileID: 100100000}
  m_GameObject: {fileID: 1263216839881920}
  m_LocalRotation: {x: -0, y: -0, z: -0, w: 1}
  m_LocalPosition: {x: 0, y: 0, z: 0}
  m_LocalScale: {x: 1, y: 1, z: 1}
  m_Children: []
  m_Father: {fileID: 4785987878448532}
  m_RootOrder: 0
  m_LocalEulerAnglesHint: {x: 0, y: 0, z: 0}
--- !u!4 &4934613809011274
Transform:
  m_ObjectHideFlags: 1
  m_PrefabParentObject: {fileID: 0}
  m_PrefabInternal: {fileID: 100100000}
  m_GameObject: {fileID: 1023509155481488}
  m_LocalRotation: {x: -0, y: -0, z: -0, w: 1}
  m_LocalPosition: {x: 0, y: 0, z: 0}
  m_LocalScale: {x: 1, y: 1, z: 1}
  m_Children: []
  m_Father: {fileID: 4000843174559966}
  m_RootOrder: 2
  m_LocalEulerAnglesHint: {x: 0, y: 0, z: 0}
--- !u!4 &4939859770566190
Transform:
  m_ObjectHideFlags: 1
  m_PrefabParentObject: {fileID: 0}
  m_PrefabInternal: {fileID: 100100000}
  m_GameObject: {fileID: 1457195849244822}
  m_LocalRotation: {x: -0, y: -0, z: -0, w: 1}
  m_LocalPosition: {x: 0, y: 0, z: 0}
  m_LocalScale: {x: 1, y: 1, z: 1}
  m_Children:
  - {fileID: 4670009331572822}
  - {fileID: 4471128398893896}
  - {fileID: 4326548615045880}
  m_Father: {fileID: 4707196065218016}
  m_RootOrder: 3
  m_LocalEulerAnglesHint: {x: 0, y: 0, z: 0}
--- !u!4 &4953167011106134
Transform:
  m_ObjectHideFlags: 1
  m_PrefabParentObject: {fileID: 0}
  m_PrefabInternal: {fileID: 100100000}
  m_GameObject: {fileID: 1973354133882410}
  m_LocalRotation: {x: -0, y: -0, z: -0, w: 1}
  m_LocalPosition: {x: 0, y: 0, z: 0}
  m_LocalScale: {x: 1, y: 1, z: 1}
  m_Children:
  - {fileID: 4138262463526282}
  - {fileID: 4700377029647418}
  - {fileID: 4452898817141396}
  - {fileID: 4147335375217656}
  m_Father: {fileID: 4707196065218016}
  m_RootOrder: 5
  m_LocalEulerAnglesHint: {x: 0, y: 0, z: 0}
--- !u!4 &4964983480290076
Transform:
  m_ObjectHideFlags: 1
  m_PrefabParentObject: {fileID: 0}
  m_PrefabInternal: {fileID: 100100000}
  m_GameObject: {fileID: 1810309637600106}
  m_LocalRotation: {x: -0, y: -0, z: -0, w: 1}
  m_LocalPosition: {x: 0, y: 0, z: 0}
  m_LocalScale: {x: 1, y: 1, z: 1}
  m_Children: []
  m_Father: {fileID: 4635324700270384}
  m_RootOrder: 1
  m_LocalEulerAnglesHint: {x: 0, y: 0, z: 0}
--- !u!23 &23106639118420388
MeshRenderer:
  m_ObjectHideFlags: 1
  m_PrefabParentObject: {fileID: 0}
  m_PrefabInternal: {fileID: 100100000}
  m_GameObject: {fileID: 1834884371091678}
  m_Enabled: 1
  m_CastShadows: 0
  m_ReceiveShadows: 0
  m_DynamicOccludee: 1
  m_MotionVectors: 1
  m_LightProbeUsage: 0
  m_ReflectionProbeUsage: 0
  m_Materials:
  - {fileID: 2100000, guid: 1ac944e29b6583743a6bca6949049fd8, type: 2}
  m_StaticBatchInfo:
    firstSubMesh: 0
    subMeshCount: 0
  m_StaticBatchRoot: {fileID: 0}
  m_ProbeAnchor: {fileID: 0}
  m_LightProbeVolumeOverride: {fileID: 0}
  m_ScaleInLightmap: 1
  m_PreserveUVs: 0
  m_IgnoreNormalsForChartDetection: 0
  m_ImportantGI: 0
  m_StitchLightmapSeams: 0
  m_SelectedEditorRenderState: 3
  m_MinimumChartSize: 4
  m_AutoUVMaxDistance: 0.5
  m_AutoUVMaxAngle: 89
  m_LightmapParameters: {fileID: 0}
  m_SortingLayerID: 0
  m_SortingLayer: 0
  m_SortingOrder: 1
--- !u!23 &23135009197802750
MeshRenderer:
  m_ObjectHideFlags: 1
  m_PrefabParentObject: {fileID: 0}
  m_PrefabInternal: {fileID: 100100000}
  m_GameObject: {fileID: 1864035126746190}
  m_Enabled: 1
  m_CastShadows: 0
  m_ReceiveShadows: 0
  m_DynamicOccludee: 1
  m_MotionVectors: 1
  m_LightProbeUsage: 0
  m_ReflectionProbeUsage: 0
  m_Materials:
  - {fileID: 2100000, guid: e8b7a085de9e0864db3af2a234e017e6, type: 2}
  m_StaticBatchInfo:
    firstSubMesh: 0
    subMeshCount: 0
  m_StaticBatchRoot: {fileID: 0}
  m_ProbeAnchor: {fileID: 0}
  m_LightProbeVolumeOverride: {fileID: 0}
  m_ScaleInLightmap: 1
  m_PreserveUVs: 0
  m_IgnoreNormalsForChartDetection: 0
  m_ImportantGI: 0
  m_StitchLightmapSeams: 0
  m_SelectedEditorRenderState: 3
  m_MinimumChartSize: 4
  m_AutoUVMaxDistance: 0.5
  m_AutoUVMaxAngle: 89
  m_LightmapParameters: {fileID: 0}
  m_SortingLayerID: 0
  m_SortingLayer: 0
  m_SortingOrder: 0
--- !u!23 &23167569767482882
MeshRenderer:
  m_ObjectHideFlags: 1
  m_PrefabParentObject: {fileID: 0}
  m_PrefabInternal: {fileID: 100100000}
  m_GameObject: {fileID: 1872845049519410}
  m_Enabled: 1
  m_CastShadows: 0
  m_ReceiveShadows: 0
  m_DynamicOccludee: 1
  m_MotionVectors: 1
  m_LightProbeUsage: 0
  m_ReflectionProbeUsage: 0
  m_Materials:
  - {fileID: 2100000, guid: 1d68f8665021a1c40ae54fc0eed74772, type: 2}
  m_StaticBatchInfo:
    firstSubMesh: 0
    subMeshCount: 0
  m_StaticBatchRoot: {fileID: 0}
  m_ProbeAnchor: {fileID: 0}
  m_LightProbeVolumeOverride: {fileID: 0}
  m_ScaleInLightmap: 1
  m_PreserveUVs: 0
  m_IgnoreNormalsForChartDetection: 0
  m_ImportantGI: 0
  m_StitchLightmapSeams: 0
  m_SelectedEditorRenderState: 3
  m_MinimumChartSize: 4
  m_AutoUVMaxDistance: 0.5
  m_AutoUVMaxAngle: 89
  m_LightmapParameters: {fileID: 0}
  m_SortingLayerID: 0
  m_SortingLayer: 0
  m_SortingOrder: 2
--- !u!23 &23167860123107990
MeshRenderer:
  m_ObjectHideFlags: 1
  m_PrefabParentObject: {fileID: 0}
  m_PrefabInternal: {fileID: 100100000}
  m_GameObject: {fileID: 1810309637600106}
  m_Enabled: 1
  m_CastShadows: 0
  m_ReceiveShadows: 0
  m_DynamicOccludee: 1
  m_MotionVectors: 1
  m_LightProbeUsage: 0
  m_ReflectionProbeUsage: 0
  m_Materials:
  - {fileID: 2100000, guid: 134d6dd59167b304889a4336399d73b3, type: 2}
  m_StaticBatchInfo:
    firstSubMesh: 0
    subMeshCount: 0
  m_StaticBatchRoot: {fileID: 0}
  m_ProbeAnchor: {fileID: 0}
  m_LightProbeVolumeOverride: {fileID: 0}
  m_ScaleInLightmap: 1
  m_PreserveUVs: 0
  m_IgnoreNormalsForChartDetection: 0
  m_ImportantGI: 0
  m_StitchLightmapSeams: 0
  m_SelectedEditorRenderState: 3
  m_MinimumChartSize: 4
  m_AutoUVMaxDistance: 0.5
  m_AutoUVMaxAngle: 89
  m_LightmapParameters: {fileID: 0}
  m_SortingLayerID: 0
  m_SortingLayer: 0
  m_SortingOrder: 2
--- !u!23 &23169991156363582
MeshRenderer:
  m_ObjectHideFlags: 1
  m_PrefabParentObject: {fileID: 0}
  m_PrefabInternal: {fileID: 100100000}
  m_GameObject: {fileID: 1984644987749046}
  m_Enabled: 1
  m_CastShadows: 0
  m_ReceiveShadows: 0
  m_DynamicOccludee: 1
  m_MotionVectors: 1
  m_LightProbeUsage: 0
  m_ReflectionProbeUsage: 0
  m_Materials:
  - {fileID: 2100000, guid: e8b7a085de9e0864db3af2a234e017e6, type: 2}
  m_StaticBatchInfo:
    firstSubMesh: 0
    subMeshCount: 0
  m_StaticBatchRoot: {fileID: 0}
  m_ProbeAnchor: {fileID: 0}
  m_LightProbeVolumeOverride: {fileID: 0}
  m_ScaleInLightmap: 1
  m_PreserveUVs: 0
  m_IgnoreNormalsForChartDetection: 0
  m_ImportantGI: 0
  m_StitchLightmapSeams: 0
  m_SelectedEditorRenderState: 3
  m_MinimumChartSize: 4
  m_AutoUVMaxDistance: 0.5
  m_AutoUVMaxAngle: 89
  m_LightmapParameters: {fileID: 0}
  m_SortingLayerID: 0
  m_SortingLayer: 0
  m_SortingOrder: 5
--- !u!23 &23263747903656876
MeshRenderer:
  m_ObjectHideFlags: 1
  m_PrefabParentObject: {fileID: 0}
  m_PrefabInternal: {fileID: 100100000}
  m_GameObject: {fileID: 1134964739089150}
  m_Enabled: 1
  m_CastShadows: 0
  m_ReceiveShadows: 0
  m_DynamicOccludee: 1
  m_MotionVectors: 1
  m_LightProbeUsage: 0
  m_ReflectionProbeUsage: 0
  m_Materials:
  - {fileID: 2100000, guid: 1ac944e29b6583743a6bca6949049fd8, type: 2}
  m_StaticBatchInfo:
    firstSubMesh: 0
    subMeshCount: 0
  m_StaticBatchRoot: {fileID: 0}
  m_ProbeAnchor: {fileID: 0}
  m_LightProbeVolumeOverride: {fileID: 0}
  m_ScaleInLightmap: 1
  m_PreserveUVs: 0
  m_IgnoreNormalsForChartDetection: 0
  m_ImportantGI: 0
  m_StitchLightmapSeams: 0
  m_SelectedEditorRenderState: 3
  m_MinimumChartSize: 4
  m_AutoUVMaxDistance: 0.5
  m_AutoUVMaxAngle: 89
  m_LightmapParameters: {fileID: 0}
  m_SortingLayerID: 0
  m_SortingLayer: 0
  m_SortingOrder: 6
--- !u!23 &23295672507510958
MeshRenderer:
  m_ObjectHideFlags: 1
  m_PrefabParentObject: {fileID: 0}
  m_PrefabInternal: {fileID: 100100000}
  m_GameObject: {fileID: 1670315720454250}
  m_Enabled: 1
  m_CastShadows: 0
  m_ReceiveShadows: 0
  m_DynamicOccludee: 1
  m_MotionVectors: 1
  m_LightProbeUsage: 0
  m_ReflectionProbeUsage: 0
  m_Materials:
  - {fileID: 2100000, guid: 1ac944e29b6583743a6bca6949049fd8, type: 2}
  m_StaticBatchInfo:
    firstSubMesh: 0
    subMeshCount: 0
  m_StaticBatchRoot: {fileID: 0}
  m_ProbeAnchor: {fileID: 0}
  m_LightProbeVolumeOverride: {fileID: 0}
  m_ScaleInLightmap: 1
  m_PreserveUVs: 0
  m_IgnoreNormalsForChartDetection: 0
  m_ImportantGI: 0
  m_StitchLightmapSeams: 0
  m_SelectedEditorRenderState: 3
  m_MinimumChartSize: 4
  m_AutoUVMaxDistance: 0.5
  m_AutoUVMaxAngle: 89
  m_LightmapParameters: {fileID: 0}
  m_SortingLayerID: 0
  m_SortingLayer: 0
  m_SortingOrder: 2
--- !u!23 &23310336944965350
MeshRenderer:
  m_ObjectHideFlags: 1
  m_PrefabParentObject: {fileID: 0}
  m_PrefabInternal: {fileID: 100100000}
  m_GameObject: {fileID: 1188924344004392}
  m_Enabled: 1
  m_CastShadows: 0
  m_ReceiveShadows: 0
  m_DynamicOccludee: 1
  m_MotionVectors: 1
  m_LightProbeUsage: 0
  m_ReflectionProbeUsage: 0
  m_Materials:
  - {fileID: 2100000, guid: f65e1dd33a057c24cb9d7402a8f1a6cf, type: 2}
  m_StaticBatchInfo:
    firstSubMesh: 0
    subMeshCount: 0
  m_StaticBatchRoot: {fileID: 0}
  m_ProbeAnchor: {fileID: 0}
  m_LightProbeVolumeOverride: {fileID: 0}
  m_ScaleInLightmap: 1
  m_PreserveUVs: 0
  m_IgnoreNormalsForChartDetection: 0
  m_ImportantGI: 0
  m_StitchLightmapSeams: 0
  m_SelectedEditorRenderState: 3
  m_MinimumChartSize: 4
  m_AutoUVMaxDistance: 0.5
  m_AutoUVMaxAngle: 89
  m_LightmapParameters: {fileID: 0}
  m_SortingLayerID: 0
  m_SortingLayer: 0
  m_SortingOrder: 4
--- !u!23 &23395396959796472
MeshRenderer:
  m_ObjectHideFlags: 1
  m_PrefabParentObject: {fileID: 0}
  m_PrefabInternal: {fileID: 100100000}
  m_GameObject: {fileID: 1018581788384468}
  m_Enabled: 1
  m_CastShadows: 0
  m_ReceiveShadows: 0
  m_DynamicOccludee: 1
  m_MotionVectors: 1
  m_LightProbeUsage: 0
  m_ReflectionProbeUsage: 0
  m_Materials:
  - {fileID: 2100000, guid: 504526939c6ce52499706be47b7ab7da, type: 2}
  m_StaticBatchInfo:
    firstSubMesh: 0
    subMeshCount: 0
  m_StaticBatchRoot: {fileID: 0}
  m_ProbeAnchor: {fileID: 0}
  m_LightProbeVolumeOverride: {fileID: 0}
  m_ScaleInLightmap: 1
  m_PreserveUVs: 0
  m_IgnoreNormalsForChartDetection: 0
  m_ImportantGI: 0
  m_StitchLightmapSeams: 0
  m_SelectedEditorRenderState: 3
  m_MinimumChartSize: 4
  m_AutoUVMaxDistance: 0.5
  m_AutoUVMaxAngle: 89
  m_LightmapParameters: {fileID: 0}
  m_SortingLayerID: 0
  m_SortingLayer: 0
  m_SortingOrder: 6
--- !u!23 &23444706869365170
MeshRenderer:
  m_ObjectHideFlags: 1
  m_PrefabParentObject: {fileID: 0}
  m_PrefabInternal: {fileID: 100100000}
  m_GameObject: {fileID: 1353865949197718}
  m_Enabled: 1
  m_CastShadows: 0
  m_ReceiveShadows: 0
  m_DynamicOccludee: 1
  m_MotionVectors: 1
  m_LightProbeUsage: 0
  m_ReflectionProbeUsage: 0
  m_Materials:
  - {fileID: 2100000, guid: f65e1dd33a057c24cb9d7402a8f1a6cf, type: 2}
  m_StaticBatchInfo:
    firstSubMesh: 0
    subMeshCount: 0
  m_StaticBatchRoot: {fileID: 0}
  m_ProbeAnchor: {fileID: 0}
  m_LightProbeVolumeOverride: {fileID: 0}
  m_ScaleInLightmap: 1
  m_PreserveUVs: 0
  m_IgnoreNormalsForChartDetection: 0
  m_ImportantGI: 0
  m_StitchLightmapSeams: 0
  m_SelectedEditorRenderState: 3
  m_MinimumChartSize: 4
  m_AutoUVMaxDistance: 0.5
  m_AutoUVMaxAngle: 89
  m_LightmapParameters: {fileID: 0}
  m_SortingLayerID: 0
  m_SortingLayer: 0
  m_SortingOrder: 0
--- !u!23 &23465116440242374
MeshRenderer:
  m_ObjectHideFlags: 1
  m_PrefabParentObject: {fileID: 0}
  m_PrefabInternal: {fileID: 100100000}
  m_GameObject: {fileID: 1060379908165540}
  m_Enabled: 1
  m_CastShadows: 0
  m_ReceiveShadows: 0
  m_DynamicOccludee: 1
  m_MotionVectors: 1
  m_LightProbeUsage: 0
  m_ReflectionProbeUsage: 0
  m_Materials:
  - {fileID: 2100000, guid: f65e1dd33a057c24cb9d7402a8f1a6cf, type: 2}
  m_StaticBatchInfo:
    firstSubMesh: 0
    subMeshCount: 0
  m_StaticBatchRoot: {fileID: 0}
  m_ProbeAnchor: {fileID: 0}
  m_LightProbeVolumeOverride: {fileID: 0}
  m_ScaleInLightmap: 1
  m_PreserveUVs: 0
  m_IgnoreNormalsForChartDetection: 0
  m_ImportantGI: 0
  m_StitchLightmapSeams: 0
  m_SelectedEditorRenderState: 3
  m_MinimumChartSize: 4
  m_AutoUVMaxDistance: 0.5
  m_AutoUVMaxAngle: 89
  m_LightmapParameters: {fileID: 0}
  m_SortingLayerID: 0
  m_SortingLayer: 0
  m_SortingOrder: 5
--- !u!23 &23470590206103726
MeshRenderer:
  m_ObjectHideFlags: 1
  m_PrefabParentObject: {fileID: 0}
  m_PrefabInternal: {fileID: 100100000}
  m_GameObject: {fileID: 1890679977034876}
  m_Enabled: 1
  m_CastShadows: 0
  m_ReceiveShadows: 0
  m_DynamicOccludee: 1
  m_MotionVectors: 1
  m_LightProbeUsage: 0
  m_ReflectionProbeUsage: 0
  m_Materials:
  - {fileID: 2100000, guid: f65e1dd33a057c24cb9d7402a8f1a6cf, type: 2}
  m_StaticBatchInfo:
    firstSubMesh: 0
    subMeshCount: 0
  m_StaticBatchRoot: {fileID: 0}
  m_ProbeAnchor: {fileID: 0}
  m_LightProbeVolumeOverride: {fileID: 0}
  m_ScaleInLightmap: 1
  m_PreserveUVs: 0
  m_IgnoreNormalsForChartDetection: 0
  m_ImportantGI: 0
  m_StitchLightmapSeams: 0
  m_SelectedEditorRenderState: 3
  m_MinimumChartSize: 4
  m_AutoUVMaxDistance: 0.5
  m_AutoUVMaxAngle: 89
  m_LightmapParameters: {fileID: 0}
  m_SortingLayerID: 0
  m_SortingLayer: 0
  m_SortingOrder: 3
--- !u!23 &23510222837353802
MeshRenderer:
  m_ObjectHideFlags: 1
  m_PrefabParentObject: {fileID: 0}
  m_PrefabInternal: {fileID: 100100000}
  m_GameObject: {fileID: 1023509155481488}
  m_Enabled: 1
  m_CastShadows: 0
  m_ReceiveShadows: 0
  m_DynamicOccludee: 1
  m_MotionVectors: 1
  m_LightProbeUsage: 0
  m_ReflectionProbeUsage: 0
  m_Materials:
  - {fileID: 2100000, guid: 308c171d685cb1a48a7be9852a5ee947, type: 2}
  m_StaticBatchInfo:
    firstSubMesh: 0
    subMeshCount: 0
  m_StaticBatchRoot: {fileID: 0}
  m_ProbeAnchor: {fileID: 0}
  m_LightProbeVolumeOverride: {fileID: 0}
  m_ScaleInLightmap: 1
  m_PreserveUVs: 0
  m_IgnoreNormalsForChartDetection: 0
  m_ImportantGI: 0
  m_StitchLightmapSeams: 0
  m_SelectedEditorRenderState: 3
  m_MinimumChartSize: 4
  m_AutoUVMaxDistance: 0.5
  m_AutoUVMaxAngle: 89
  m_LightmapParameters: {fileID: 0}
  m_SortingLayerID: 0
  m_SortingLayer: 0
  m_SortingOrder: 6
--- !u!23 &23515228355396278
MeshRenderer:
  m_ObjectHideFlags: 1
  m_PrefabParentObject: {fileID: 0}
  m_PrefabInternal: {fileID: 100100000}
  m_GameObject: {fileID: 1284359262792378}
  m_Enabled: 1
  m_CastShadows: 0
  m_ReceiveShadows: 0
  m_DynamicOccludee: 1
  m_MotionVectors: 1
  m_LightProbeUsage: 0
  m_ReflectionProbeUsage: 0
  m_Materials:
  - {fileID: 2100000, guid: 1ac944e29b6583743a6bca6949049fd8, type: 2}
  m_StaticBatchInfo:
    firstSubMesh: 0
    subMeshCount: 0
  m_StaticBatchRoot: {fileID: 0}
  m_ProbeAnchor: {fileID: 0}
  m_LightProbeVolumeOverride: {fileID: 0}
  m_ScaleInLightmap: 1
  m_PreserveUVs: 0
  m_IgnoreNormalsForChartDetection: 0
  m_ImportantGI: 0
  m_StitchLightmapSeams: 0
  m_SelectedEditorRenderState: 3
  m_MinimumChartSize: 4
  m_AutoUVMaxDistance: 0.5
  m_AutoUVMaxAngle: 89
  m_LightmapParameters: {fileID: 0}
  m_SortingLayerID: 0
  m_SortingLayer: 0
  m_SortingOrder: 5
--- !u!23 &23614939637412602
MeshRenderer:
  m_ObjectHideFlags: 1
  m_PrefabParentObject: {fileID: 0}
  m_PrefabInternal: {fileID: 100100000}
  m_GameObject: {fileID: 1263216839881920}
  m_Enabled: 1
  m_CastShadows: 0
  m_ReceiveShadows: 0
  m_DynamicOccludee: 1
  m_MotionVectors: 1
  m_LightProbeUsage: 0
  m_ReflectionProbeUsage: 0
  m_Materials:
  - {fileID: 2100000, guid: e8b7a085de9e0864db3af2a234e017e6, type: 2}
  m_StaticBatchInfo:
    firstSubMesh: 0
    subMeshCount: 0
  m_StaticBatchRoot: {fileID: 0}
  m_ProbeAnchor: {fileID: 0}
  m_LightProbeVolumeOverride: {fileID: 0}
  m_ScaleInLightmap: 1
  m_PreserveUVs: 0
  m_IgnoreNormalsForChartDetection: 0
  m_ImportantGI: 0
  m_StitchLightmapSeams: 0
  m_SelectedEditorRenderState: 3
  m_MinimumChartSize: 4
  m_AutoUVMaxDistance: 0.5
  m_AutoUVMaxAngle: 89
  m_LightmapParameters: {fileID: 0}
  m_SortingLayerID: 0
  m_SortingLayer: 0
  m_SortingOrder: 7
--- !u!23 &23705146623035150
MeshRenderer:
  m_ObjectHideFlags: 1
  m_PrefabParentObject: {fileID: 0}
  m_PrefabInternal: {fileID: 100100000}
  m_GameObject: {fileID: 1530409190761878}
  m_Enabled: 1
  m_CastShadows: 0
  m_ReceiveShadows: 0
  m_DynamicOccludee: 1
  m_MotionVectors: 1
  m_LightProbeUsage: 0
  m_ReflectionProbeUsage: 0
  m_Materials:
  - {fileID: 2100000, guid: 504526939c6ce52499706be47b7ab7da, type: 2}
  m_StaticBatchInfo:
    firstSubMesh: 0
    subMeshCount: 0
  m_StaticBatchRoot: {fileID: 0}
  m_ProbeAnchor: {fileID: 0}
  m_LightProbeVolumeOverride: {fileID: 0}
  m_ScaleInLightmap: 1
  m_PreserveUVs: 0
  m_IgnoreNormalsForChartDetection: 0
  m_ImportantGI: 0
  m_StitchLightmapSeams: 0
  m_SelectedEditorRenderState: 3
  m_MinimumChartSize: 4
  m_AutoUVMaxDistance: 0.5
  m_AutoUVMaxAngle: 89
  m_LightmapParameters: {fileID: 0}
  m_SortingLayerID: 0
  m_SortingLayer: 0
  m_SortingOrder: 4
--- !u!23 &23763386640284150
MeshRenderer:
  m_ObjectHideFlags: 1
  m_PrefabParentObject: {fileID: 0}
  m_PrefabInternal: {fileID: 100100000}
  m_GameObject: {fileID: 1966282309565452}
  m_Enabled: 1
  m_CastShadows: 0
  m_ReceiveShadows: 0
  m_DynamicOccludee: 1
  m_MotionVectors: 1
  m_LightProbeUsage: 0
  m_ReflectionProbeUsage: 0
  m_Materials:
  - {fileID: 2100000, guid: 1d68f8665021a1c40ae54fc0eed74772, type: 2}
  m_StaticBatchInfo:
    firstSubMesh: 0
    subMeshCount: 0
  m_StaticBatchRoot: {fileID: 0}
  m_ProbeAnchor: {fileID: 0}
  m_LightProbeVolumeOverride: {fileID: 0}
  m_ScaleInLightmap: 1
  m_PreserveUVs: 0
  m_IgnoreNormalsForChartDetection: 0
  m_ImportantGI: 0
  m_StitchLightmapSeams: 0
  m_SelectedEditorRenderState: 3
  m_MinimumChartSize: 4
  m_AutoUVMaxDistance: 0.5
  m_AutoUVMaxAngle: 89
  m_LightmapParameters: {fileID: 0}
  m_SortingLayerID: 0
  m_SortingLayer: 0
  m_SortingOrder: 3
--- !u!23 &23924373268540982
MeshRenderer:
  m_ObjectHideFlags: 1
  m_PrefabParentObject: {fileID: 0}
  m_PrefabInternal: {fileID: 100100000}
  m_GameObject: {fileID: 1239297791689414}
  m_Enabled: 1
  m_CastShadows: 0
  m_ReceiveShadows: 0
  m_DynamicOccludee: 1
  m_MotionVectors: 1
  m_LightProbeUsage: 0
  m_ReflectionProbeUsage: 0
  m_Materials:
  - {fileID: 2100000, guid: 1d68f8665021a1c40ae54fc0eed74772, type: 2}
  m_StaticBatchInfo:
    firstSubMesh: 0
    subMeshCount: 0
  m_StaticBatchRoot: {fileID: 0}
  m_ProbeAnchor: {fileID: 0}
  m_LightProbeVolumeOverride: {fileID: 0}
  m_ScaleInLightmap: 1
  m_PreserveUVs: 0
  m_IgnoreNormalsForChartDetection: 0
  m_ImportantGI: 0
  m_StitchLightmapSeams: 0
  m_SelectedEditorRenderState: 3
  m_MinimumChartSize: 4
  m_AutoUVMaxDistance: 0.5
  m_AutoUVMaxAngle: 89
  m_LightmapParameters: {fileID: 0}
  m_SortingLayerID: 0
  m_SortingLayer: 0
  m_SortingOrder: 5
--- !u!23 &23949257189403934
MeshRenderer:
  m_ObjectHideFlags: 1
  m_PrefabParentObject: {fileID: 0}
  m_PrefabInternal: {fileID: 100100000}
  m_GameObject: {fileID: 1389860759983064}
  m_Enabled: 1
  m_CastShadows: 0
  m_ReceiveShadows: 0
  m_DynamicOccludee: 1
  m_MotionVectors: 1
  m_LightProbeUsage: 0
  m_ReflectionProbeUsage: 0
  m_Materials:
  - {fileID: 2100000, guid: 1ac944e29b6583743a6bca6949049fd8, type: 2}
  m_StaticBatchInfo:
    firstSubMesh: 0
    subMeshCount: 0
  m_StaticBatchRoot: {fileID: 0}
  m_ProbeAnchor: {fileID: 0}
  m_LightProbeVolumeOverride: {fileID: 0}
  m_ScaleInLightmap: 1
  m_PreserveUVs: 0
  m_IgnoreNormalsForChartDetection: 0
  m_ImportantGI: 0
  m_StitchLightmapSeams: 0
  m_SelectedEditorRenderState: 3
  m_MinimumChartSize: 4
  m_AutoUVMaxDistance: 0.5
  m_AutoUVMaxAngle: 89
  m_LightmapParameters: {fileID: 0}
  m_SortingLayerID: 0
  m_SortingLayer: 0
  m_SortingOrder: 3
--- !u!23 &23954734359722206
MeshRenderer:
  m_ObjectHideFlags: 1
  m_PrefabParentObject: {fileID: 0}
  m_PrefabInternal: {fileID: 100100000}
  m_GameObject: {fileID: 1308861045261336}
  m_Enabled: 1
  m_CastShadows: 0
  m_ReceiveShadows: 0
  m_DynamicOccludee: 1
  m_MotionVectors: 1
  m_LightProbeUsage: 0
  m_ReflectionProbeUsage: 0
  m_Materials:
  - {fileID: 2100000, guid: 1ac944e29b6583743a6bca6949049fd8, type: 2}
  m_StaticBatchInfo:
    firstSubMesh: 0
    subMeshCount: 0
  m_StaticBatchRoot: {fileID: 0}
  m_ProbeAnchor: {fileID: 0}
  m_LightProbeVolumeOverride: {fileID: 0}
  m_ScaleInLightmap: 1
  m_PreserveUVs: 0
  m_IgnoreNormalsForChartDetection: 0
  m_ImportantGI: 0
  m_StitchLightmapSeams: 0
  m_SelectedEditorRenderState: 3
  m_MinimumChartSize: 4
  m_AutoUVMaxDistance: 0.5
  m_AutoUVMaxAngle: 89
  m_LightmapParameters: {fileID: 0}
  m_SortingLayerID: 0
  m_SortingLayer: 0
  m_SortingOrder: 0
--- !u!23 &23987033994980604
MeshRenderer:
  m_ObjectHideFlags: 1
  m_PrefabParentObject: {fileID: 0}
  m_PrefabInternal: {fileID: 100100000}
  m_GameObject: {fileID: 1588007262092860}
  m_Enabled: 1
  m_CastShadows: 0
  m_ReceiveShadows: 0
  m_DynamicOccludee: 1
  m_MotionVectors: 1
  m_LightProbeUsage: 0
  m_ReflectionProbeUsage: 0
  m_Materials:
  - {fileID: 2100000, guid: f65e1dd33a057c24cb9d7402a8f1a6cf, type: 2}
  m_StaticBatchInfo:
    firstSubMesh: 0
    subMeshCount: 0
  m_StaticBatchRoot: {fileID: 0}
  m_ProbeAnchor: {fileID: 0}
  m_LightProbeVolumeOverride: {fileID: 0}
  m_ScaleInLightmap: 1
  m_PreserveUVs: 0
  m_IgnoreNormalsForChartDetection: 0
  m_ImportantGI: 0
  m_StitchLightmapSeams: 0
  m_SelectedEditorRenderState: 3
  m_MinimumChartSize: 4
  m_AutoUVMaxDistance: 0.5
  m_AutoUVMaxAngle: 89
  m_LightmapParameters: {fileID: 0}
  m_SortingLayerID: 0
  m_SortingLayer: 0
  m_SortingOrder: 1
--- !u!33 &33007623312555836
MeshFilter:
  m_ObjectHideFlags: 1
  m_PrefabParentObject: {fileID: 0}
  m_PrefabInternal: {fileID: 100100000}
  m_GameObject: {fileID: 1060379908165540}
  m_Mesh: {fileID: 4300000, guid: b40edcea50eabb4479733a1e93a1986e, type: 3}
--- !u!33 &33072504436154916
MeshFilter:
  m_ObjectHideFlags: 1
  m_PrefabParentObject: {fileID: 0}
  m_PrefabInternal: {fileID: 100100000}
  m_GameObject: {fileID: 1588007262092860}
  m_Mesh: {fileID: 4300000, guid: 432ee0148bf529c478e72ff1e5abaef3, type: 3}
--- !u!33 &33126786406654336
MeshFilter:
  m_ObjectHideFlags: 1
  m_PrefabParentObject: {fileID: 0}
  m_PrefabInternal: {fileID: 100100000}
  m_GameObject: {fileID: 1864035126746190}
  m_Mesh: {fileID: 4300000, guid: ab1d4938f5f188441b20851d0bf24d46, type: 3}
--- !u!33 &33146826074897794
MeshFilter:
  m_ObjectHideFlags: 1
  m_PrefabParentObject: {fileID: 0}
  m_PrefabInternal: {fileID: 100100000}
  m_GameObject: {fileID: 1966282309565452}
  m_Mesh: {fileID: 4300000, guid: 27eb2374ebc75b24d98294cd46f9c5ad, type: 3}
--- !u!33 &33173362231275540
MeshFilter:
  m_ObjectHideFlags: 1
  m_PrefabParentObject: {fileID: 0}
  m_PrefabInternal: {fileID: 100100000}
  m_GameObject: {fileID: 1834884371091678}
  m_Mesh: {fileID: 4300000, guid: d0ca308a02d4ba846b621b84a1c26928, type: 3}
--- !u!33 &33239946800936552
MeshFilter:
  m_ObjectHideFlags: 1
  m_PrefabParentObject: {fileID: 0}
  m_PrefabInternal: {fileID: 100100000}
  m_GameObject: {fileID: 1018581788384468}
  m_Mesh: {fileID: 4300000, guid: ffbe3fe345ef3c44fbcafcb9b76eb0ed, type: 3}
--- !u!33 &33246016175444776
MeshFilter:
  m_ObjectHideFlags: 1
  m_PrefabParentObject: {fileID: 0}
  m_PrefabInternal: {fileID: 100100000}
  m_GameObject: {fileID: 1263216839881920}
  m_Mesh: {fileID: 4300000, guid: 58980feee03b06f43a87eeda32fd99e2, type: 3}
--- !u!33 &33286040903277770
MeshFilter:
  m_ObjectHideFlags: 1
  m_PrefabParentObject: {fileID: 0}
  m_PrefabInternal: {fileID: 100100000}
  m_GameObject: {fileID: 1134964739089150}
  m_Mesh: {fileID: 4300000, guid: 68f83978d03eea5448e59b3e3a137233, type: 3}
--- !u!33 &33302711506198774
MeshFilter:
  m_ObjectHideFlags: 1
  m_PrefabParentObject: {fileID: 0}
  m_PrefabInternal: {fileID: 100100000}
  m_GameObject: {fileID: 1810309637600106}
  m_Mesh: {fileID: 4300000, guid: 1a886b9b6ad2a024f87f689835b120cd, type: 3}
--- !u!33 &33408904567514900
MeshFilter:
  m_ObjectHideFlags: 1
  m_PrefabParentObject: {fileID: 0}
  m_PrefabInternal: {fileID: 100100000}
  m_GameObject: {fileID: 1023509155481488}
  m_Mesh: {fileID: 4300000, guid: f05d8a676a205814f9ed29993dc37a9d, type: 3}
--- !u!33 &33560462698605686
MeshFilter:
  m_ObjectHideFlags: 1
  m_PrefabParentObject: {fileID: 0}
  m_PrefabInternal: {fileID: 100100000}
  m_GameObject: {fileID: 1890679977034876}
  m_Mesh: {fileID: 4300000, guid: af087fb958f5cdc428e355a56c762b42, type: 3}
--- !u!33 &33585267895280388
MeshFilter:
  m_ObjectHideFlags: 1
  m_PrefabParentObject: {fileID: 0}
  m_PrefabInternal: {fileID: 100100000}
  m_GameObject: {fileID: 1353865949197718}
  m_Mesh: {fileID: 4300000, guid: 223de9d3f8915cc43bebc4223d8aa85d, type: 3}
--- !u!33 &33607114959296598
MeshFilter:
  m_ObjectHideFlags: 1
  m_PrefabParentObject: {fileID: 0}
  m_PrefabInternal: {fileID: 100100000}
  m_GameObject: {fileID: 1984644987749046}
  m_Mesh: {fileID: 4300000, guid: d46aab20f6a6f8b4b94f518aad0f6b8a, type: 3}
--- !u!33 &33621960795157742
MeshFilter:
  m_ObjectHideFlags: 1
  m_PrefabParentObject: {fileID: 0}
  m_PrefabInternal: {fileID: 100100000}
  m_GameObject: {fileID: 1284359262792378}
  m_Mesh: {fileID: 4300000, guid: d8ac84ccd26639845952118999bdcae0, type: 3}
--- !u!33 &33622077819134984
MeshFilter:
  m_ObjectHideFlags: 1
  m_PrefabParentObject: {fileID: 0}
  m_PrefabInternal: {fileID: 100100000}
  m_GameObject: {fileID: 1239297791689414}
  m_Mesh: {fileID: 4300000, guid: 43b3257529c4f92478f513ba8378cad7, type: 3}
--- !u!33 &33738061806462354
MeshFilter:
  m_ObjectHideFlags: 1
  m_PrefabParentObject: {fileID: 0}
  m_PrefabInternal: {fileID: 100100000}
  m_GameObject: {fileID: 1188924344004392}
  m_Mesh: {fileID: 4300000, guid: 4ef337c41dfdac143b85b3c91d71bd20, type: 3}
--- !u!33 &33830179315524470
MeshFilter:
  m_ObjectHideFlags: 1
  m_PrefabParentObject: {fileID: 0}
  m_PrefabInternal: {fileID: 100100000}
  m_GameObject: {fileID: 1670315720454250}
  m_Mesh: {fileID: 4300000, guid: 59a733d71c17f80418978a08efd04d25, type: 3}
--- !u!33 &33840163842989468
MeshFilter:
  m_ObjectHideFlags: 1
  m_PrefabParentObject: {fileID: 0}
  m_PrefabInternal: {fileID: 100100000}
  m_GameObject: {fileID: 1389860759983064}
  m_Mesh: {fileID: 4300000, guid: d6e9449cf7556c84c8332e9ac4178f0e, type: 3}
--- !u!33 &33958909756843840
MeshFilter:
  m_ObjectHideFlags: 1
  m_PrefabParentObject: {fileID: 0}
  m_PrefabInternal: {fileID: 100100000}
  m_GameObject: {fileID: 1308861045261336}
  m_Mesh: {fileID: 4300000, guid: c11bb258178ec9342bf343d7f6db5516, type: 3}
--- !u!33 &33962829365997808
MeshFilter:
  m_ObjectHideFlags: 1
  m_PrefabParentObject: {fileID: 0}
  m_PrefabInternal: {fileID: 100100000}
  m_GameObject: {fileID: 1872845049519410}
  m_Mesh: {fileID: 4300000, guid: 66d1013502879974aa64910f9381e6bc, type: 3}
--- !u!33 &33993703485852462
MeshFilter:
  m_ObjectHideFlags: 1
  m_PrefabParentObject: {fileID: 0}
  m_PrefabInternal: {fileID: 100100000}
  m_GameObject: {fileID: 1530409190761878}
  m_Mesh: {fileID: 4300000, guid: bba1c5763f4735546ad844827089dd09, type: 3}
--- !u!60 &60998076585552574
PolygonCollider2D:
  m_ObjectHideFlags: 1
  m_PrefabParentObject: {fileID: 0}
  m_PrefabInternal: {fileID: 100100000}
  m_GameObject: {fileID: 1227313816626422}
  m_Enabled: 1
  m_Density: 1
  m_Material: {fileID: 0}
  m_IsTrigger: 0
  m_UsedByEffector: 0
  m_UsedByComposite: 0
  m_Offset: {x: 0, y: 0}
  m_SpriteTilingProperty:
    border: {x: 0, y: 0, z: 0, w: 0}
    pivot: {x: 0, y: 0}
    oldSize: {x: 0, y: 0}
    newSize: {x: 0, y: 0}
    adaptiveTilingThreshold: 0
    drawMode: 0
    adaptiveTiling: 0
  m_AutoTiling: 0
  m_Points:
    m_Paths:
    - - {x: 1.27, y: 0}
      - {x: 0.96, y: 0}
      - {x: 0.96, y: -0.31}
      - {x: 1.27, y: -0.31}
    - - {x: 1.27, y: -0.32}
      - {x: 0.96, y: -0.32}
      - {x: 0.96, y: -0.63}
      - {x: 1.27, y: -0.63}
    - - {x: 1.27, y: -0.64}
      - {x: 0.96, y: -0.64}
      - {x: 0.96, y: -0.95}
      - {x: 1.27, y: -0.95}
    - - {x: 10.55, y: -0.96}
      - {x: 10.24, y: -0.96}
      - {x: 10.24, y: -1.27}
      - {x: 10.55, y: -1.27}
    - - {x: 10.87, y: -0.96}
      - {x: 10.56, y: -0.96}
      - {x: 10.56, y: -1.27}
      - {x: 10.87, y: -1.27}
    - - {x: 11.19, y: -0.96}
      - {x: 10.88, y: -0.96}
      - {x: 10.88, y: -1.27}
      - {x: 11.19, y: -1.27}
    - - {x: 11.51, y: -0.96}
      - {x: 11.2, y: -0.96}
      - {x: 11.2, y: -1.27}
      - {x: 11.51, y: -1.27}
    - - {x: 11.83, y: -0.96}
      - {x: 11.52, y: -0.96}
      - {x: 11.52, y: -1.27}
      - {x: 11.83, y: -1.27}
    - - {x: 12.79, y: -0.96}
      - {x: 12.48, y: -0.96}
      - {x: 12.48, y: -1.27}
      - {x: 12.79, y: -1.27}
    - - {x: 7.03, y: -0.96}
      - {x: 6.72, y: -0.96}
      - {x: 6.72, y: -1.27}
      - {x: 7.03, y: -1.27}
    - - {x: 7.35, y: -0.96}
      - {x: 7.04, y: -0.96}
      - {x: 7.04, y: -1.27}
      - {x: 7.35, y: -1.27}
    - - {x: 7.67, y: -0.96}
      - {x: 7.36, y: -0.96}
      - {x: 7.36, y: -1.27}
      - {x: 7.67, y: -1.27}
    - - {x: 7.99, y: -0.96}
      - {x: 7.68, y: -0.96}
      - {x: 7.68, y: -1.27}
      - {x: 7.99, y: -1.27}
    - - {x: 8.309999, y: -0.96}
      - {x: 8, y: -0.96}
      - {x: 8, y: -1.27}
      - {x: 8.309999, y: -1.27}
    - - {x: 8.63, y: -0.96}
      - {x: 8.32, y: -0.96}
      - {x: 8.32, y: -1.27}
      - {x: 8.63, y: -1.27}
    - - {x: 8.95, y: -0.96}
      - {x: 8.639999, y: -0.96}
      - {x: 8.639999, y: -1.27}
      - {x: 8.95, y: -1.27}
    - - {x: 9.27, y: -0.96}
      - {x: 8.96, y: -0.96}
      - {x: 8.96, y: -1.27}
      - {x: 9.27, y: -1.27}
    - - {x: 9.59, y: -0.96}
      - {x: 9.28, y: -0.96}
      - {x: 9.28, y: -1.27}
      - {x: 9.59, y: -1.27}
    - - {x: 3.51, y: -0.96}
      - {x: 3.2, y: -0.96}
      - {x: 3.2, y: -1.27}
      - {x: 3.51, y: -1.27}
    - - {x: 3.83, y: -0.96}
      - {x: 3.52, y: -0.96}
      - {x: 3.52, y: -1.27}
      - {x: 3.83, y: -1.27}
    - - {x: 4.15, y: -0.96}
      - {x: 3.84, y: -0.96}
      - {x: 3.84, y: -1.27}
      - {x: 4.15, y: -1.27}
    - - {x: 4.47, y: -0.96}
      - {x: 4.16, y: -0.96}
      - {x: 4.16, y: -1.27}
      - {x: 4.47, y: -1.27}
    - - {x: 4.79, y: -0.96}
      - {x: 4.48, y: -0.96}
      - {x: 4.48, y: -1.27}
      - {x: 4.79, y: -1.27}
    - - {x: 5.11, y: -0.96}
      - {x: 4.8, y: -0.96}
      - {x: 4.8, y: -1.27}
      - {x: 5.11, y: -1.27}
    - - {x: 5.43, y: -0.96}
      - {x: 5.12, y: -0.96}
      - {x: 5.12, y: -1.27}
      - {x: 5.43, y: -1.27}
    - - {x: 5.75, y: -0.96}
      - {x: 5.44, y: -0.96}
      - {x: 5.44, y: -1.27}
      - {x: 5.75, y: -1.27}
    - - {x: 6.07, y: -0.96}
      - {x: 5.76, y: -0.96}
      - {x: 5.76, y: -1.27}
      - {x: 6.07, y: -1.27}
    - - {x: 1.27, y: -0.96}
      - {x: 0.96, y: -0.96}
      - {x: 0.96, y: -1.27}
      - {x: 1.27, y: -1.27}
    - - {x: 1.59, y: -0.96}
      - {x: 1.28, y: -0.96}
      - {x: 1.28, y: -1.27}
      - {x: 1.59, y: -1.27}
    - - {x: 1.91, y: -0.96}
      - {x: 1.6, y: -0.96}
      - {x: 1.6, y: -1.27}
      - {x: 1.91, y: -1.27}
    - - {x: 3.19, y: -0.96}
      - {x: 2.88, y: -0.96}
      - {x: 2.88, y: -1.27}
      - {x: 3.19, y: -1.27}
    - - {x: 13.11, y: -1.28}
      - {x: 12.8, y: -1.28}
      - {x: 12.8, y: -1.59}
      - {x: 13.11, y: -1.59}
    - - {x: 13.11, y: -1.6}
      - {x: 12.8, y: -1.6}
      - {x: 12.8, y: -1.91}
      - {x: 13.11, y: -1.91}
    - - {x: 13.11, y: -1.92}
      - {x: 12.8, y: -1.92}
      - {x: 12.8, y: -2.23}
      - {x: 13.11, y: -2.23}
    - - {x: 13.43, y: -1.92}
      - {x: 13.12, y: -1.92}
      - {x: 13.12, y: -2.23}
      - {x: 13.43, y: -2.23}
    - - {x: 13.75, y: -1.92}
      - {x: 13.44, y: -1.92}
      - {x: 13.44, y: -2.23}
      - {x: 13.75, y: -2.23}
    - - {x: 14.07, y: -1.92}
      - {x: 13.76, y: -1.92}
      - {x: 13.76, y: -2.23}
      - {x: 14.07, y: -2.23}
    - - {x: 14.39, y: -1.92}
      - {x: 14.08, y: -1.92}
      - {x: 14.08, y: -2.23}
      - {x: 14.39, y: -2.23}
    - - {x: 14.71, y: -1.92}
      - {x: 14.4, y: -1.92}
      - {x: 14.4, y: -2.23}
      - {x: 14.71, y: -2.23}
    - - {x: 15.03, y: -1.92}
      - {x: 14.72, y: -1.92}
      - {x: 14.72, y: -2.23}
      - {x: 15.03, y: -2.23}
    - - {x: 15.35, y: -1.92}
      - {x: 15.04, y: -1.92}
      - {x: 15.04, y: -2.23}
      - {x: 15.35, y: -2.23}
    - - {x: 15.67, y: -1.92}
      - {x: 15.36, y: -1.92}
      - {x: 15.36, y: -2.23}
      - {x: 15.67, y: -2.23}
    - - {x: 1.27, y: -1.92}
      - {x: 0.96, y: -1.92}
      - {x: 0.96, y: -2.23}
      - {x: 1.27, y: -2.23}
    - - {x: 15.67, y: -2.24}
      - {x: 15.36, y: -2.24}
      - {x: 15.36, y: -2.55}
      - {x: 15.67, y: -2.55}
    - - {x: 9.91, y: -2.24}
      - {x: 9.599999, y: -2.24}
      - {x: 9.599999, y: -2.55}
      - {x: 9.91, y: -2.55}
    - - {x: 10.23, y: -2.24}
      - {x: 9.92, y: -2.24}
      - {x: 9.92, y: -2.55}
      - {x: 10.23, y: -2.55}
    - - {x: 10.55, y: -2.24}
      - {x: 10.24, y: -2.24}
      - {x: 10.24, y: -2.55}
      - {x: 10.55, y: -2.55}
    - - {x: 10.87, y: -2.24}
      - {x: 10.56, y: -2.24}
      - {x: 10.56, y: -2.55}
      - {x: 10.87, y: -2.55}
    - - {x: 11.19, y: -2.24}
      - {x: 10.88, y: -2.24}
      - {x: 10.88, y: -2.55}
      - {x: 11.19, y: -2.55}
    - - {x: 11.51, y: -2.24}
      - {x: 11.2, y: -2.24}
      - {x: 11.2, y: -2.55}
      - {x: 11.51, y: -2.55}
    - - {x: 11.83, y: -2.24}
      - {x: 11.52, y: -2.24}
      - {x: 11.52, y: -2.55}
      - {x: 11.83, y: -2.55}
    - - {x: 12.15, y: -2.24}
      - {x: 11.84, y: -2.24}
      - {x: 11.84, y: -2.55}
      - {x: 12.15, y: -2.55}
    - - {x: 7.35, y: -2.24}
      - {x: 7.04, y: -2.24}
      - {x: 7.04, y: -2.55}
      - {x: 7.35, y: -2.55}
    - - {x: 7.67, y: -2.24}
      - {x: 7.36, y: -2.24}
      - {x: 7.36, y: -2.55}
      - {x: 7.67, y: -2.55}
    - - {x: 7.99, y: -2.24}
      - {x: 7.68, y: -2.24}
      - {x: 7.68, y: -2.55}
      - {x: 7.99, y: -2.55}
    - - {x: 8.309999, y: -2.24}
      - {x: 8, y: -2.24}
      - {x: 8, y: -2.55}
      - {x: 8.309999, y: -2.55}
    - - {x: 8.63, y: -2.24}
      - {x: 8.32, y: -2.24}
      - {x: 8.32, y: -2.55}
      - {x: 8.63, y: -2.55}
    - - {x: 8.95, y: -2.24}
      - {x: 8.639999, y: -2.24}
      - {x: 8.639999, y: -2.55}
      - {x: 8.95, y: -2.55}
    - - {x: 9.27, y: -2.24}
      - {x: 8.96, y: -2.24}
      - {x: 8.96, y: -2.55}
      - {x: 9.27, y: -2.55}
    - - {x: 9.59, y: -2.24}
      - {x: 9.28, y: -2.24}
      - {x: 9.28, y: -2.55}
      - {x: 9.59, y: -2.55}
    - - {x: 1.27, y: -2.24}
      - {x: 0.96, y: -2.24}
      - {x: 0.96, y: -2.55}
      - {x: 1.27, y: -2.55}
    - - {x: 12.15, y: -2.56}
      - {x: 11.84, y: -2.56}
      - {x: 11.84, y: -2.87}
      - {x: 12.15, y: -2.87}
    - - {x: 3.51, y: -2.56}
      - {x: 3.2, y: -2.56}
      - {x: 3.2, y: -2.87}
      - {x: 3.51, y: -2.87}
    - - {x: 3.83, y: -2.56}
      - {x: 3.52, y: -2.56}
      - {x: 3.52, y: -2.87}
      - {x: 3.83, y: -2.87}
    - - {x: 4.15, y: -2.56}
      - {x: 3.84, y: -2.56}
      - {x: 3.84, y: -2.87}
      - {x: 4.15, y: -2.87}
    - - {x: 1.27, y: -2.56}
      - {x: 0.96, y: -2.56}
      - {x: 0.96, y: -2.87}
      - {x: 1.27, y: -2.87}
    - - {x: 1.59, y: -2.56}
      - {x: 1.28, y: -2.56}
      - {x: 1.28, y: -2.87}
      - {x: 1.59, y: -2.87}
    - - {x: 1.91, y: -2.56}
      - {x: 1.6, y: -2.56}
      - {x: 1.6, y: -2.87}
      - {x: 1.91, y: -2.87}
    - - {x: 2.23, y: -2.56}
      - {x: 1.92, y: -2.56}
      - {x: 1.92, y: -2.87}
      - {x: 2.23, y: -2.87}
    - - {x: 2.55, y: -2.56}
      - {x: 2.24, y: -2.56}
      - {x: 2.24, y: -2.87}
      - {x: 2.55, y: -2.87}
    - - {x: 2.87, y: -2.56}
      - {x: 2.56, y: -2.56}
      - {x: 2.56, y: -2.87}
      - {x: 2.87, y: -2.87}
    - - {x: 3.19, y: -2.56}
      - {x: 2.88, y: -2.56}
      - {x: 2.88, y: -2.87}
      - {x: 3.19, y: -2.87}
    - - {x: 12.15, y: -2.88}
      - {x: 11.84, y: -2.88}
      - {x: 11.84, y: -3.19}
      - {x: 12.15, y: -3.19}
    - - {x: 3.51, y: -2.88}
      - {x: 3.2, y: -2.88}
      - {x: 3.2, y: -3.19}
      - {x: 3.51, y: -3.19}
    - - {x: 4.15, y: -2.88}
      - {x: 3.84, y: -2.88}
      - {x: 3.84, y: -3.19}
      - {x: 4.15, y: -3.19}
    - - {x: 3.19, y: -2.88}
      - {x: 2.88, y: -2.88}
      - {x: 2.88, y: -3.19}
      - {x: 3.19, y: -3.19}
    - - {x: 15.67, y: -3.2}
      - {x: 15.36, y: -3.2}
      - {x: 15.36, y: -3.51}
      - {x: 15.67, y: -3.51}
    - - {x: 12.15, y: -3.2}
      - {x: 11.84, y: -3.2}
      - {x: 11.84, y: -3.51}
      - {x: 12.15, y: -3.51}
    - - {x: 6.71, y: -3.2}
      - {x: 6.4, y: -3.2}
      - {x: 6.4, y: -3.51}
      - {x: 6.71, y: -3.51}
    - - {x: 7.03, y: -3.2}
      - {x: 6.72, y: -3.2}
      - {x: 6.72, y: -3.51}
      - {x: 7.03, y: -3.51}
    - - {x: 7.35, y: -3.2}
      - {x: 7.04, y: -3.2}
      - {x: 7.04, y: -3.51}
      - {x: 7.35, y: -3.51}
    - - {x: 4.15, y: -3.2}
      - {x: 3.84, y: -3.2}
      - {x: 3.84, y: -3.51}
      - {x: 4.15, y: -3.51}
    - - {x: 5.75, y: -3.2}
      - {x: 5.44, y: -3.2}
      - {x: 5.44, y: -3.51}
      - {x: 5.75, y: -3.51}
    - - {x: 6.07, y: -3.2}
      - {x: 5.76, y: -3.2}
      - {x: 5.76, y: -3.51}
      - {x: 6.07, y: -3.51}
    - - {x: 6.39, y: -3.2}
      - {x: 6.08, y: -3.2}
      - {x: 6.08, y: -3.51}
      - {x: 6.39, y: -3.51}
    - - {x: 15.67, y: -3.52}
      - {x: 15.36, y: -3.52}
      - {x: 15.36, y: -3.83}
      - {x: 15.67, y: -3.83}
    - - {x: 12.15, y: -3.52}
      - {x: 11.84, y: -3.52}
      - {x: 11.84, y: -3.83}
      - {x: 12.15, y: -3.83}
    - - {x: 4.15, y: -3.52}
      - {x: 3.84, y: -3.52}
      - {x: 3.84, y: -3.83}
      - {x: 4.15, y: -3.83}
    - - {x: 5.75, y: -3.52}
      - {x: 5.44, y: -3.52}
      - {x: 5.44, y: -3.83}
      - {x: 5.75, y: -3.83}
    - - {x: 13.43, y: -3.84}
      - {x: 13.12, y: -3.84}
      - {x: 13.12, y: -4.15}
      - {x: 13.43, y: -4.15}
    - - {x: 13.75, y: -3.84}
      - {x: 13.44, y: -3.84}
      - {x: 13.44, y: -4.15}
      - {x: 13.75, y: -4.15}
    - - {x: 14.07, y: -3.84}
      - {x: 13.76, y: -3.84}
      - {x: 13.76, y: -4.15}
      - {x: 14.07, y: -4.15}
    - - {x: 14.39, y: -3.84}
      - {x: 14.08, y: -3.84}
      - {x: 14.08, y: -4.15}
      - {x: 14.39, y: -4.15}
    - - {x: 14.71, y: -3.84}
      - {x: 14.4, y: -3.84}
      - {x: 14.4, y: -4.15}
      - {x: 14.71, y: -4.15}
    - - {x: 15.03, y: -3.84}
      - {x: 14.72, y: -3.84}
      - {x: 14.72, y: -4.15}
      - {x: 15.03, y: -4.15}
    - - {x: 15.35, y: -3.84}
      - {x: 15.04, y: -3.84}
      - {x: 15.04, y: -4.15}
      - {x: 15.35, y: -4.15}
    - - {x: 15.67, y: -3.84}
      - {x: 15.36, y: -3.84}
      - {x: 15.36, y: -4.15}
      - {x: 15.67, y: -4.15}
    - - {x: 12.15, y: -3.84}
      - {x: 11.84, y: -3.84}
      - {x: 11.84, y: -4.15}
      - {x: 12.15, y: -4.15}
    - - {x: 4.15, y: -3.84}
      - {x: 3.84, y: -3.84}
      - {x: 3.84, y: -4.15}
      - {x: 4.15, y: -4.15}
    - - {x: 5.75, y: -3.84}
      - {x: 5.44, y: -3.84}
      - {x: 5.44, y: -4.15}
      - {x: 5.75, y: -4.15}
    - - {x: 13.43, y: -4.16}
      - {x: 13.12, y: -4.16}
      - {x: 13.12, y: -4.47}
      - {x: 13.43, y: -4.47}
    - - {x: 12.15, y: -4.16}
      - {x: 11.84, y: -4.16}
      - {x: 11.84, y: -4.47}
      - {x: 12.15, y: -4.47}
    - - {x: 4.15, y: -4.16}
      - {x: 3.84, y: -4.16}
      - {x: 3.84, y: -4.47}
      - {x: 4.15, y: -4.47}
    - - {x: 5.75, y: -4.16}
      - {x: 5.44, y: -4.16}
      - {x: 5.44, y: -4.47}
      - {x: 5.75, y: -4.47}
    - - {x: 13.43, y: -4.48}
      - {x: 13.12, y: -4.48}
      - {x: 13.12, y: -4.79}
      - {x: 13.43, y: -4.79}
    - - {x: 12.15, y: -4.48}
      - {x: 11.84, y: -4.48}
      - {x: 11.84, y: -4.79}
      - {x: 12.15, y: -4.79}
    - - {x: 4.15, y: -4.48}
      - {x: 3.84, y: -4.48}
      - {x: 3.84, y: -4.79}
      - {x: 4.15, y: -4.79}
    - - {x: 5.75, y: -4.48}
      - {x: 5.44, y: -4.48}
      - {x: 5.44, y: -4.79}
      - {x: 5.75, y: -4.79}
    - - {x: 13.43, y: -4.8}
      - {x: 13.12, y: -4.8}
      - {x: 13.12, y: -5.11}
      - {x: 13.43, y: -5.11}
    - - {x: 12.15, y: -4.8}
      - {x: 11.84, y: -4.8}
      - {x: 11.84, y: -5.11}
      - {x: 12.15, y: -5.11}
    - - {x: 4.15, y: -4.8}
      - {x: 3.84, y: -4.8}
      - {x: 3.84, y: -5.11}
      - {x: 4.15, y: -5.11}
    - - {x: 5.75, y: -4.8}
      - {x: 5.44, y: -4.8}
      - {x: 5.44, y: -5.11}
      - {x: 5.75, y: -5.11}
    - - {x: 13.43, y: -5.12}
      - {x: 13.12, y: -5.12}
      - {x: 13.12, y: -5.43}
      - {x: 13.43, y: -5.43}
    - - {x: 12.15, y: -5.12}
      - {x: 11.84, y: -5.12}
      - {x: 11.84, y: -5.43}
      - {x: 12.15, y: -5.43}
    - - {x: 4.15, y: -5.12}
      - {x: 3.84, y: -5.12}
      - {x: 3.84, y: -5.43}
      - {x: 4.15, y: -5.43}
    - - {x: 5.75, y: -5.12}
      - {x: 5.44, y: -5.12}
      - {x: 5.44, y: -5.43}
      - {x: 5.75, y: -5.43}
    - - {x: 1.27, y: -5.44}
      - {x: 0.96, y: -5.44}
      - {x: 0.96, y: -5.75}
      - {x: 1.27, y: -5.75}
    - - {x: 13.43, y: -5.44}
      - {x: 13.12, y: -5.44}
      - {x: 13.12, y: -5.75}
      - {x: 13.43, y: -5.75}
    - - {x: 13.75, y: -5.44}
      - {x: 13.44, y: -5.44}
      - {x: 13.44, y: -5.75}
      - {x: 13.75, y: -5.75}
    - - {x: 14.07, y: -5.44}
      - {x: 13.76, y: -5.44}
      - {x: 13.76, y: -5.75}
      - {x: 14.07, y: -5.75}
    - - {x: 14.39, y: -5.44}
      - {x: 14.08, y: -5.44}
      - {x: 14.08, y: -5.75}
      - {x: 14.39, y: -5.75}
    - - {x: 14.71, y: -5.44}
      - {x: 14.4, y: -5.44}
      - {x: 14.4, y: -5.75}
      - {x: 14.71, y: -5.75}
    - - {x: 15.03, y: -5.44}
      - {x: 14.72, y: -5.44}
      - {x: 14.72, y: -5.75}
      - {x: 15.03, y: -5.75}
    - - {x: 15.35, y: -5.44}
      - {x: 15.04, y: -5.44}
      - {x: 15.04, y: -5.75}
      - {x: 15.35, y: -5.75}
    - - {x: 15.67, y: -5.44}
      - {x: 15.36, y: -5.44}
      - {x: 15.36, y: -5.75}
      - {x: 15.67, y: -5.75}
    - - {x: 12.15, y: -5.44}
      - {x: 11.84, y: -5.44}
      - {x: 11.84, y: -5.75}
      - {x: 12.15, y: -5.75}
    - - {x: 4.15, y: -5.44}
      - {x: 3.84, y: -5.44}
      - {x: 3.84, y: -5.75}
      - {x: 4.15, y: -5.75}
    - - {x: 5.75, y: -5.44}
      - {x: 5.44, y: -5.44}
      - {x: 5.44, y: -5.75}
      - {x: 5.75, y: -5.75}
    - - {x: 1.27, y: -5.76}
      - {x: 0.96, y: -5.76}
      - {x: 0.96, y: -6.07}
      - {x: 1.27, y: -6.07}
    - - {x: 15.67, y: -5.76}
      - {x: 15.36, y: -5.76}
      - {x: 15.36, y: -6.07}
      - {x: 15.67, y: -6.07}
    - - {x: 12.15, y: -5.76}
      - {x: 11.84, y: -5.76}
      - {x: 11.84, y: -6.07}
      - {x: 12.15, y: -6.07}
    - - {x: 4.15, y: -5.76}
      - {x: 3.84, y: -5.76}
      - {x: 3.84, y: -6.07}
      - {x: 4.15, y: -6.07}
    - - {x: 5.75, y: -5.76}
      - {x: 5.44, y: -5.76}
      - {x: 5.44, y: -6.07}
      - {x: 5.75, y: -6.07}
    - - {x: 1.27, y: -6.08}
      - {x: 0.96, y: -6.08}
      - {x: 0.96, y: -6.39}
      - {x: 1.27, y: -6.39}
    - - {x: 1.59, y: -6.08}
      - {x: 1.28, y: -6.08}
      - {x: 1.28, y: -6.39}
      - {x: 1.59, y: -6.39}
    - - {x: 1.91, y: -6.08}
      - {x: 1.6, y: -6.08}
      - {x: 1.6, y: -6.39}
      - {x: 1.91, y: -6.39}
    - - {x: 2.23, y: -6.08}
      - {x: 1.92, y: -6.08}
      - {x: 1.92, y: -6.39}
      - {x: 2.23, y: -6.39}
    - - {x: 2.55, y: -6.08}
      - {x: 2.24, y: -6.08}
      - {x: 2.24, y: -6.39}
      - {x: 2.55, y: -6.39}
    - - {x: 2.87, y: -6.08}
      - {x: 2.56, y: -6.08}
      - {x: 2.56, y: -6.39}
      - {x: 2.87, y: -6.39}
    - - {x: 3.19, y: -6.08}
      - {x: 2.88, y: -6.08}
      - {x: 2.88, y: -6.39}
      - {x: 3.19, y: -6.39}
    - - {x: 12.15, y: -6.08}
      - {x: 11.84, y: -6.08}
      - {x: 11.84, y: -6.39}
      - {x: 12.15, y: -6.39}
    - - {x: 3.51, y: -6.08}
      - {x: 3.2, y: -6.08}
      - {x: 3.2, y: -6.39}
      - {x: 3.51, y: -6.39}
    - - {x: 3.83, y: -6.08}
      - {x: 3.52, y: -6.08}
      - {x: 3.52, y: -6.39}
      - {x: 3.83, y: -6.39}
    - - {x: 4.15, y: -6.08}
      - {x: 3.84, y: -6.08}
      - {x: 3.84, y: -6.39}
      - {x: 4.15, y: -6.39}
    - - {x: 5.75, y: -6.08}
      - {x: 5.44, y: -6.08}
      - {x: 5.44, y: -6.39}
      - {x: 5.75, y: -6.39}
    - - {x: 9.91, y: -6.4}
      - {x: 9.599999, y: -6.4}
      - {x: 9.599999, y: -6.71}
      - {x: 9.91, y: -6.71}
    - - {x: 10.23, y: -6.4}
      - {x: 9.92, y: -6.4}
      - {x: 9.92, y: -6.71}
      - {x: 10.23, y: -6.71}
    - - {x: 10.55, y: -6.4}
      - {x: 10.24, y: -6.4}
      - {x: 10.24, y: -6.71}
      - {x: 10.55, y: -6.71}
    - - {x: 10.87, y: -6.4}
      - {x: 10.56, y: -6.4}
      - {x: 10.56, y: -6.71}
      - {x: 10.87, y: -6.71}
    - - {x: 11.19, y: -6.4}
      - {x: 10.88, y: -6.4}
      - {x: 10.88, y: -6.71}
      - {x: 11.19, y: -6.71}
    - - {x: 11.51, y: -6.4}
      - {x: 11.2, y: -6.4}
      - {x: 11.2, y: -6.71}
      - {x: 11.51, y: -6.71}
    - - {x: 11.83, y: -6.4}
      - {x: 11.52, y: -6.4}
      - {x: 11.52, y: -6.71}
      - {x: 11.83, y: -6.71}
    - - {x: 12.15, y: -6.4}
      - {x: 11.84, y: -6.4}
      - {x: 11.84, y: -6.71}
      - {x: 12.15, y: -6.71}
    - - {x: 6.71, y: -6.4}
      - {x: 6.4, y: -6.4}
      - {x: 6.4, y: -6.71}
      - {x: 6.71, y: -6.71}
    - - {x: 7.03, y: -6.4}
      - {x: 6.72, y: -6.4}
      - {x: 6.72, y: -6.71}
      - {x: 7.03, y: -6.71}
    - - {x: 7.35, y: -6.4}
      - {x: 7.04, y: -6.4}
      - {x: 7.04, y: -6.71}
      - {x: 7.35, y: -6.71}
    - - {x: 7.67, y: -6.4}
      - {x: 7.36, y: -6.4}
      - {x: 7.36, y: -6.71}
      - {x: 7.67, y: -6.71}
    - - {x: 7.99, y: -6.4}
      - {x: 7.68, y: -6.4}
      - {x: 7.68, y: -6.71}
      - {x: 7.99, y: -6.71}
    - - {x: 8.309999, y: -6.4}
      - {x: 8, y: -6.4}
      - {x: 8, y: -6.71}
      - {x: 8.309999, y: -6.71}
    - - {x: 8.63, y: -6.4}
      - {x: 8.32, y: -6.4}
      - {x: 8.32, y: -6.71}
      - {x: 8.63, y: -6.71}
    - - {x: 8.95, y: -6.4}
      - {x: 8.639999, y: -6.4}
      - {x: 8.639999, y: -6.71}
      - {x: 8.95, y: -6.71}
    - - {x: 9.27, y: -6.4}
      - {x: 8.96, y: -6.4}
      - {x: 8.96, y: -6.71}
      - {x: 9.27, y: -6.71}
    - - {x: 9.59, y: -6.4}
      - {x: 9.28, y: -6.4}
      - {x: 9.28, y: -6.71}
      - {x: 9.59, y: -6.71}
    - - {x: 5.75, y: -6.4}
      - {x: 5.44, y: -6.4}
      - {x: 5.44, y: -6.71}
      - {x: 5.75, y: -6.71}
    - - {x: 6.07, y: -6.4}
      - {x: 5.76, y: -6.4}
      - {x: 5.76, y: -6.71}
      - {x: 6.07, y: -6.71}
    - - {x: 6.39, y: -6.4}
      - {x: 6.08, y: -6.4}
      - {x: 6.08, y: -6.71}
      - {x: 6.39, y: -6.71}
    - - {x: 13.43, y: -6.72}
      - {x: 13.12, y: -6.72}
      - {x: 13.12, y: -7.03}
      - {x: 13.43, y: -7.03}
    - - {x: 15.67, y: -6.72}
      - {x: 15.36, y: -6.72}
      - {x: 15.36, y: -7.03}
      - {x: 15.67, y: -7.03}
    - - {x: 1.27, y: -7.04}
      - {x: 0.96, y: -7.04}
      - {x: 0.96, y: -7.35}
      - {x: 1.27, y: -7.35}
    - - {x: 15.67, y: -7.04}
      - {x: 15.36, y: -7.04}
      - {x: 15.36, y: -7.35}
      - {x: 15.67, y: -7.35}
    - - {x: 1.27, y: -7.36}
      - {x: 0.96, y: -7.36}
      - {x: 0.96, y: -7.67}
      - {x: 1.27, y: -7.67}
    - - {x: 1.59, y: -7.36}
      - {x: 1.28, y: -7.36}
      - {x: 1.28, y: -7.67}
      - {x: 1.59, y: -7.67}
    - - {x: 1.91, y: -7.36}
      - {x: 1.6, y: -7.36}
      - {x: 1.6, y: -7.67}
      - {x: 1.91, y: -7.67}
    - - {x: 2.23, y: -7.36}
      - {x: 1.92, y: -7.36}
      - {x: 1.92, y: -7.67}
      - {x: 2.23, y: -7.67}
    - - {x: 2.55, y: -7.36}
      - {x: 2.24, y: -7.36}
      - {x: 2.24, y: -7.67}
      - {x: 2.55, y: -7.67}
    - - {x: 15.67, y: -7.36}
      - {x: 15.36, y: -7.36}
      - {x: 15.36, y: -7.67}
      - {x: 15.67, y: -7.67}
    - - {x: 2.55, y: -7.68}
      - {x: 2.24, y: -7.68}
      - {x: 2.24, y: -7.99}
      - {x: 2.55, y: -7.99}
    - - {x: 2.87, y: -7.68}
      - {x: 2.56, y: -7.68}
      - {x: 2.56, y: -7.99}
      - {x: 2.87, y: -7.99}
    - - {x: 3.19, y: -7.68}
      - {x: 2.88, y: -7.68}
      - {x: 2.88, y: -7.99}
      - {x: 3.19, y: -7.99}
    - - {x: 13.11, y: -7.68}
      - {x: 12.8, y: -7.68}
      - {x: 12.8, y: -7.99}
      - {x: 13.11, y: -7.99}
    - - {x: 13.43, y: -7.68}
      - {x: 13.12, y: -7.68}
      - {x: 13.12, y: -7.99}
      - {x: 13.43, y: -7.99}
    - - {x: 14.39, y: -7.68}
      - {x: 14.08, y: -7.68}
      - {x: 14.08, y: -7.99}
      - {x: 14.39, y: -7.99}
    - - {x: 14.71, y: -7.68}
      - {x: 14.4, y: -7.68}
      - {x: 14.4, y: -7.99}
      - {x: 14.71, y: -7.99}
    - - {x: 15.03, y: -7.68}
      - {x: 14.72, y: -7.68}
      - {x: 14.72, y: -7.99}
      - {x: 15.03, y: -7.99}
    - - {x: 15.35, y: -7.68}
      - {x: 15.04, y: -7.68}
      - {x: 15.04, y: -7.99}
      - {x: 15.35, y: -7.99}
    - - {x: 15.67, y: -7.68}
      - {x: 15.36, y: -7.68}
      - {x: 15.36, y: -7.99}
      - {x: 15.67, y: -7.99}
    - - {x: 9.91, y: -7.68}
      - {x: 9.599999, y: -7.68}
      - {x: 9.599999, y: -7.99}
      - {x: 9.91, y: -7.99}
    - - {x: 10.23, y: -7.68}
      - {x: 9.92, y: -7.68}
      - {x: 9.92, y: -7.99}
      - {x: 10.23, y: -7.99}
    - - {x: 10.55, y: -7.68}
      - {x: 10.24, y: -7.68}
      - {x: 10.24, y: -7.99}
      - {x: 10.55, y: -7.99}
    - - {x: 10.87, y: -7.68}
      - {x: 10.56, y: -7.68}
      - {x: 10.56, y: -7.99}
      - {x: 10.87, y: -7.99}
    - - {x: 11.83, y: -7.68}
      - {x: 11.52, y: -7.68}
      - {x: 11.52, y: -7.99}
      - {x: 11.83, y: -7.99}
    - - {x: 12.15, y: -7.68}
      - {x: 11.84, y: -7.68}
      - {x: 11.84, y: -7.99}
      - {x: 12.15, y: -7.99}
    - - {x: 12.47, y: -7.68}
      - {x: 12.16, y: -7.68}
      - {x: 12.16, y: -7.99}
      - {x: 12.47, y: -7.99}
    - - {x: 12.79, y: -7.68}
      - {x: 12.48, y: -7.68}
      - {x: 12.48, y: -7.99}
      - {x: 12.79, y: -7.99}
    - - {x: 6.71, y: -7.68}
      - {x: 6.4, y: -7.68}
      - {x: 6.4, y: -7.99}
      - {x: 6.71, y: -7.99}
    - - {x: 7.03, y: -7.68}
      - {x: 6.72, y: -7.68}
      - {x: 6.72, y: -7.99}
      - {x: 7.03, y: -7.99}
    - - {x: 7.35, y: -7.68}
      - {x: 7.04, y: -7.68}
      - {x: 7.04, y: -7.99}
      - {x: 7.35, y: -7.99}
    - - {x: 7.67, y: -7.68}
      - {x: 7.36, y: -7.68}
      - {x: 7.36, y: -7.99}
      - {x: 7.67, y: -7.99}
    - - {x: 8.63, y: -7.68}
      - {x: 8.32, y: -7.68}
      - {x: 8.32, y: -7.99}
      - {x: 8.63, y: -7.99}
    - - {x: 8.95, y: -7.68}
      - {x: 8.639999, y: -7.68}
      - {x: 8.639999, y: -7.99}
      - {x: 8.95, y: -7.99}
    - - {x: 9.27, y: -7.68}
      - {x: 8.96, y: -7.68}
      - {x: 8.96, y: -7.99}
      - {x: 9.27, y: -7.99}
    - - {x: 9.59, y: -7.68}
      - {x: 9.28, y: -7.68}
      - {x: 9.28, y: -7.99}
      - {x: 9.59, y: -7.99}
    - - {x: 4.79, y: -7.68}
      - {x: 4.48, y: -7.68}
      - {x: 4.48, y: -7.99}
      - {x: 4.79, y: -7.99}
    - - {x: 5.11, y: -7.68}
      - {x: 4.8, y: -7.68}
      - {x: 4.8, y: -7.99}
      - {x: 5.11, y: -7.99}
    - - {x: 5.43, y: -7.68}
      - {x: 5.12, y: -7.68}
      - {x: 5.12, y: -7.99}
      - {x: 5.43, y: -7.99}
    - - {x: 5.75, y: -7.68}
      - {x: 5.44, y: -7.68}
      - {x: 5.44, y: -7.99}
      - {x: 5.75, y: -7.99}
    - - {x: 6.07, y: -7.68}
      - {x: 5.76, y: -7.68}
      - {x: 5.76, y: -7.99}
      - {x: 6.07, y: -7.99}
    - - {x: 6.39, y: -7.68}
      - {x: 6.08, y: -7.68}
      - {x: 6.08, y: -7.99}
      - {x: 6.39, y: -7.99}
    - - {x: 2.55, y: -8}
      - {x: 2.24, y: -8}
      - {x: 2.24, y: -8.309999}
      - {x: 2.55, y: -8.309999}
    - - {x: 2.87, y: -8}
      - {x: 2.56, y: -8}
      - {x: 2.56, y: -8.309999}
      - {x: 2.87, y: -8.309999}
    - - {x: 3.19, y: -8}
      - {x: 2.88, y: -8}
      - {x: 2.88, y: -8.309999}
      - {x: 3.19, y: -8.309999}
    - - {x: 9.91, y: -8}
      - {x: 9.599999, y: -8}
      - {x: 9.599999, y: -8.309999}
      - {x: 9.91, y: -8.309999}
    - - {x: 4.79, y: -8}
      - {x: 4.48, y: -8}
      - {x: 4.48, y: -8.309999}
      - {x: 4.79, y: -8.309999}
    - - {x: 5.11, y: -8}
      - {x: 4.8, y: -8}
      - {x: 4.8, y: -8.309999}
      - {x: 5.11, y: -8.309999}
    - - {x: 5.43, y: -8}
      - {x: 5.12, y: -8}
      - {x: 5.12, y: -8.309999}
      - {x: 5.43, y: -8.309999}
    - - {x: 2.55, y: -8.32}
      - {x: 2.24, y: -8.32}
      - {x: 2.24, y: -8.63}
      - {x: 2.55, y: -8.63}
    - - {x: 2.87, y: -8.32}
      - {x: 2.56, y: -8.32}
      - {x: 2.56, y: -8.63}
      - {x: 2.87, y: -8.63}
    - - {x: 3.19, y: -8.32}
      - {x: 2.88, y: -8.32}
      - {x: 2.88, y: -8.63}
      - {x: 3.19, y: -8.63}
    - - {x: 4.79, y: -8.32}
      - {x: 4.48, y: -8.32}
      - {x: 4.48, y: -8.63}
      - {x: 4.79, y: -8.63}
    - - {x: 5.11, y: -8.32}
      - {x: 4.8, y: -8.32}
      - {x: 4.8, y: -8.63}
      - {x: 5.11, y: -8.63}
    - - {x: 5.43, y: -8.32}
      - {x: 5.12, y: -8.32}
      - {x: 5.12, y: -8.63}
      - {x: 5.43, y: -8.63}
    - - {x: 2.55, y: -8.639999}
      - {x: 2.24, y: -8.639999}
      - {x: 2.24, y: -8.95}
      - {x: 2.55, y: -8.95}
    - - {x: 3.19, y: -8.639999}
      - {x: 2.88, y: -8.639999}
      - {x: 2.88, y: -8.95}
      - {x: 3.19, y: -8.95}
    - - {x: 4.47, y: -8.639999}
      - {x: 4.16, y: -8.639999}
      - {x: 4.16, y: -8.95}
      - {x: 4.47, y: -8.95}
    - - {x: 4.79, y: -8.639999}
      - {x: 4.48, y: -8.639999}
      - {x: 4.48, y: -8.95}
      - {x: 4.79, y: -8.95}
    - - {x: 5.43, y: -8.639999}
      - {x: 5.12, y: -8.639999}
      - {x: 5.12, y: -8.95}
      - {x: 5.43, y: -8.95}
    - - {x: 2.55, y: -8.96}
      - {x: 2.24, y: -8.96}
      - {x: 2.24, y: -9.27}
      - {x: 2.55, y: -9.27}
    - - {x: 3.19, y: -8.96}
      - {x: 2.88, y: -8.96}
      - {x: 2.88, y: -9.27}
      - {x: 3.19, y: -9.27}
    - - {x: 3.51, y: -8.96}
      - {x: 3.2, y: -8.96}
      - {x: 3.2, y: -9.27}
      - {x: 3.51, y: -9.27}
    - - {x: 4.47, y: -8.96}
      - {x: 4.16, y: -8.96}
      - {x: 4.16, y: -9.27}
      - {x: 4.47, y: -9.27}
    - - {x: 4.79, y: -8.96}
      - {x: 4.48, y: -8.96}
      - {x: 4.48, y: -9.27}
      - {x: 4.79, y: -9.27}
    - - {x: 5.43, y: -8.96}
      - {x: 5.12, y: -8.96}
      - {x: 5.12, y: -9.27}
      - {x: 5.43, y: -9.27}
    - - {x: 2.55, y: -9.28}
      - {x: 2.24, y: -9.28}
      - {x: 2.24, y: -9.59}
      - {x: 2.55, y: -9.59}
    - - {x: 3.19, y: -9.28}
      - {x: 2.88, y: -9.28}
      - {x: 2.88, y: -9.59}
      - {x: 3.19, y: -9.59}
    - - {x: 3.51, y: -9.28}
      - {x: 3.2, y: -9.28}
      - {x: 3.2, y: -9.59}
      - {x: 3.51, y: -9.59}
    - - {x: 4.79, y: -9.28}
      - {x: 4.48, y: -9.28}
      - {x: 4.48, y: -9.59}
      - {x: 4.79, y: -9.59}
    - - {x: 5.43, y: -9.28}
      - {x: 5.12, y: -9.28}
      - {x: 5.12, y: -9.59}
      - {x: 5.43, y: -9.59}
    - - {x: 4.79, y: -9.599999}
      - {x: 4.48, y: -9.599999}
      - {x: 4.48, y: -9.91}
      - {x: 4.79, y: -9.91}
    - - {x: 5.43, y: -9.599999}
      - {x: 5.12, y: -9.599999}
      - {x: 5.12, y: -9.91}
      - {x: 5.43, y: -9.91}
    - - {x: 2.55, y: -9.599999}
      - {x: 2.24, y: -9.599999}
      - {x: 2.24, y: -9.91}
      - {x: 2.55, y: -9.91}
    - - {x: 4.79, y: -9.92}
      - {x: 4.48, y: -9.92}
      - {x: 4.48, y: -10.23}
      - {x: 4.79, y: -10.23}
    - - {x: 5.43, y: -9.92}
      - {x: 5.12, y: -9.92}
      - {x: 5.12, y: -10.23}
      - {x: 5.43, y: -10.23}
    - - {x: 2.55, y: -9.92}
      - {x: 2.24, y: -9.92}
      - {x: 2.24, y: -10.23}
      - {x: 2.55, y: -10.23}
    - - {x: 4.79, y: -10.24}
      - {x: 4.48, y: -10.24}
      - {x: 4.48, y: -10.55}
      - {x: 4.79, y: -10.55}
    - - {x: 5.43, y: -10.24}
      - {x: 5.12, y: -10.24}
      - {x: 5.12, y: -10.55}
      - {x: 5.43, y: -10.55}
    - - {x: 2.55, y: -10.24}
      - {x: 2.24, y: -10.24}
      - {x: 2.24, y: -10.55}
      - {x: 2.55, y: -10.55}
    - - {x: 3.51, y: -10.56}
      - {x: 3.2, y: -10.56}
      - {x: 3.2, y: -10.87}
      - {x: 3.51, y: -10.87}
    - - {x: 4.79, y: -10.56}
      - {x: 4.48, y: -10.56}
      - {x: 4.48, y: -10.87}
      - {x: 4.79, y: -10.87}
    - - {x: 5.43, y: -10.56}
      - {x: 5.12, y: -10.56}
      - {x: 5.12, y: -10.87}
      - {x: 5.43, y: -10.87}
    - - {x: 2.55, y: -10.56}
      - {x: 2.24, y: -10.56}
      - {x: 2.24, y: -10.87}
      - {x: 2.55, y: -10.87}
    - - {x: 3.19, y: -10.56}
      - {x: 2.88, y: -10.56}
      - {x: 2.88, y: -10.87}
      - {x: 3.19, y: -10.87}
    - - {x: 5.43, y: -10.88}
      - {x: 5.12, y: -10.88}
      - {x: 5.12, y: -11.19}
      - {x: 5.43, y: -11.19}
    - - {x: 2.55, y: -10.88}
      - {x: 2.24, y: -10.88}
      - {x: 2.24, y: -11.19}
      - {x: 2.55, y: -11.19}
    - - {x: 3.19, y: -10.88}
      - {x: 2.88, y: -10.88}
      - {x: 2.88, y: -11.19}
      - {x: 3.19, y: -11.19}
    - - {x: 3.51, y: -11.2}
      - {x: 3.2, y: -11.2}
      - {x: 3.2, y: -11.51}
      - {x: 3.51, y: -11.51}
    - - {x: 3.83, y: -11.2}
      - {x: 3.52, y: -11.2}
      - {x: 3.52, y: -11.51}
      - {x: 3.83, y: -11.51}
    - - {x: 4.15, y: -11.2}
      - {x: 3.84, y: -11.2}
      - {x: 3.84, y: -11.51}
      - {x: 4.15, y: -11.51}
    - - {x: 4.47, y: -11.2}
      - {x: 4.16, y: -11.2}
      - {x: 4.16, y: -11.51}
      - {x: 4.47, y: -11.51}
    - - {x: 4.79, y: -11.2}
      - {x: 4.48, y: -11.2}
      - {x: 4.48, y: -11.51}
      - {x: 4.79, y: -11.51}
    - - {x: 5.11, y: -11.2}
      - {x: 4.8, y: -11.2}
      - {x: 4.8, y: -11.51}
      - {x: 5.11, y: -11.51}
    - - {x: 5.43, y: -11.2}
      - {x: 5.12, y: -11.2}
      - {x: 5.12, y: -11.51}
      - {x: 5.43, y: -11.51}
    - - {x: 2.55, y: -11.2}
      - {x: 2.24, y: -11.2}
      - {x: 2.24, y: -11.51}
      - {x: 2.55, y: -11.51}
    - - {x: 2.87, y: -11.2}
      - {x: 2.56, y: -11.2}
      - {x: 2.56, y: -11.51}
      - {x: 2.87, y: -11.51}
    - - {x: 3.19, y: -11.2}
      - {x: 2.88, y: -11.2}
      - {x: 2.88, y: -11.51}
      - {x: 3.19, y: -11.51}
--- !u!114 &114084038592855598
MonoBehaviour:
  m_ObjectHideFlags: 1
  m_PrefabParentObject: {fileID: 0}
  m_PrefabInternal: {fileID: 100100000}
  m_GameObject: {fileID: 1518683274716338}
  m_Enabled: 1
  m_EditorHideFlags: 0
  m_Script: {fileID: 11500000, guid: 36f478cbe2fdbeb43a1a2ec45e99ca69, type: 3}
  m_Name: 
  m_EditorClassIdentifier: 
  Offset: {x: 0, y: 0}
--- !u!114 &114104604260367148
MonoBehaviour:
  m_ObjectHideFlags: 1
  m_PrefabParentObject: {fileID: 0}
  m_PrefabInternal: {fileID: 100100000}
  m_GameObject: {fileID: 1834214890443626}
  m_Enabled: 1
  m_EditorHideFlags: 0
  m_Script: {fileID: 11500000, guid: 36f478cbe2fdbeb43a1a2ec45e99ca69, type: 3}
  m_Name: 
  m_EditorClassIdentifier: 
  Offset: {x: 0, y: 0}
--- !u!114 &114110516814348906
MonoBehaviour:
  m_ObjectHideFlags: 1
  m_PrefabParentObject: {fileID: 0}
  m_PrefabInternal: {fileID: 100100000}
  m_GameObject: {fileID: 1210771237751486}
  m_Enabled: 1
  m_EditorHideFlags: 0
  m_Script: {fileID: 11500000, guid: 36f478cbe2fdbeb43a1a2ec45e99ca69, type: 3}
  m_Name: 
  m_EditorClassIdentifier: 
  Offset: {x: 0, y: 0}
--- !u!114 &114466245162573854
MonoBehaviour:
  m_ObjectHideFlags: 1
  m_PrefabParentObject: {fileID: 0}
  m_PrefabInternal: {fileID: 100100000}
  m_GameObject: {fileID: 1700683834076352}
  m_Enabled: 1
  m_EditorHideFlags: 0
  m_Script: {fileID: 11500000, guid: c0619e460a775cc458d37cb4a214a189, type: 3}
  m_Name: 
  m_EditorClassIdentifier: 
  Orientation: 0
  StaggerAxis: 1
  StaggerIndex: 0
  HexSideLength: 0
  NumLayers: 8
  NumTilesWide: 50
  NumTilesHigh: 50
  TileWidth: 32
  TileHeight: 32
  ExportScale: 0.01
  MapWidthInPixels: 1600
  MapHeightInPixels: 1600
  BackgroundColor: {r: 0.5019608, g: 0.5019608, b: 0.5019608, a: 1}
--- !u!114 &114514845578428492
MonoBehaviour:
  m_ObjectHideFlags: 1
  m_PrefabParentObject: {fileID: 0}
  m_PrefabInternal: {fileID: 100100000}
  m_GameObject: {fileID: 1457195849244822}
  m_Enabled: 1
  m_EditorHideFlags: 0
  m_Script: {fileID: 11500000, guid: 36f478cbe2fdbeb43a1a2ec45e99ca69, type: 3}
  m_Name: 
  m_EditorClassIdentifier: 
  Offset: {x: 0, y: 0}
--- !u!114 &114606522037887484
MonoBehaviour:
  m_ObjectHideFlags: 1
  m_PrefabParentObject: {fileID: 0}
  m_PrefabInternal: {fileID: 100100000}
  m_GameObject: {fileID: 1936604299665228}
  m_Enabled: 1
  m_EditorHideFlags: 0
  m_Script: {fileID: 11500000, guid: 36f478cbe2fdbeb43a1a2ec45e99ca69, type: 3}
  m_Name: 
  m_EditorClassIdentifier: 
  Offset: {x: 0, y: 0}
--- !u!114 &114765645915685668
MonoBehaviour:
  m_ObjectHideFlags: 1
  m_PrefabParentObject: {fileID: 0}
  m_PrefabInternal: {fileID: 100100000}
  m_GameObject: {fileID: 1973354133882410}
  m_Enabled: 1
  m_EditorHideFlags: 0
  m_Script: {fileID: 11500000, guid: 36f478cbe2fdbeb43a1a2ec45e99ca69, type: 3}
  m_Name: 
  m_EditorClassIdentifier: 
  Offset: {x: 0, y: 0}
--- !u!114 &114856955990759664
MonoBehaviour:
  m_ObjectHideFlags: 1
  m_PrefabParentObject: {fileID: 0}
  m_PrefabInternal: {fileID: 100100000}
  m_GameObject: {fileID: 1851625969470638}
  m_Enabled: 1
  m_EditorHideFlags: 0
  m_Script: {fileID: 11500000, guid: 36f478cbe2fdbeb43a1a2ec45e99ca69, type: 3}
  m_Name: 
  m_EditorClassIdentifier: 
  Offset: {x: 0, y: 0}
--- !u!114 &114876253518157462
MonoBehaviour:
  m_ObjectHideFlags: 1
  m_PrefabParentObject: {fileID: 0}
  m_PrefabInternal: {fileID: 100100000}
  m_GameObject: {fileID: 1263216839881920}
  m_Enabled: 1
  m_EditorHideFlags: 0
  m_Script: {fileID: 11500000, guid: 46d32fe0d9461b84698a5f2f25c40769, type: 3}
  m_Name: 
  m_EditorClassIdentifier: 
  Opacity: 0
--- !u!114 &114957604853482980
MonoBehaviour:
  m_ObjectHideFlags: 1
  m_PrefabParentObject: {fileID: 0}
  m_PrefabInternal: {fileID: 100100000}
  m_GameObject: {fileID: 1480761183466734}
  m_Enabled: 1
  m_EditorHideFlags: 0
  m_Script: {fileID: 11500000, guid: 36f478cbe2fdbeb43a1a2ec45e99ca69, type: 3}
  m_Name: 
  m_EditorClassIdentifier: 
  Offset: {x: 0, y: 0}
