%YAML 1.1
%TAG !u! tag:unity3d.com,2011:
--- !u!1001 &100100000
Prefab:
  m_ObjectHideFlags: 1
  serializedVersion: 2
  m_Modification:
    m_TransformParent: {fileID: 0}
    m_Modifications: []
    m_RemovedComponents: []
  m_ParentPrefab: {fileID: 0}
  m_RootGameObject: {fileID: 1710386751132958}
  m_IsPrefabParent: 1
--- !u!1 &1004969570815178
GameObject:
  m_ObjectHideFlags: 1
  m_PrefabParentObject: {fileID: 0}
  m_PrefabInternal: {fileID: 100100000}
  serializedVersion: 5
  m_Component:
  - component: {fileID: 4815615042267780}
  - component: {fileID: 33731486982164832}
  - component: {fileID: 23208718118040512}
  m_Layer: 0
  m_Name: house_inside_2
  m_TagString: Untagged
  m_Icon: {fileID: 0}
  m_NavMeshLayer: 0
  m_StaticEditorFlags: 0
  m_IsActive: 1
--- !u!1 &1027364995971706
GameObject:
  m_ObjectHideFlags: 1
  m_PrefabParentObject: {fileID: 0}
  m_PrefabInternal: {fileID: 100100000}
  serializedVersion: 5
  m_Component:
  - component: {fileID: 4953724719989124}
  - component: {fileID: 60770277901431364}
  m_Layer: 0
  m_Name: Collision
  m_TagString: Untagged
  m_Icon: {fileID: 0}
  m_NavMeshLayer: 0
  m_StaticEditorFlags: 0
  m_IsActive: 1
--- !u!1 &1040624423663804
GameObject:
  m_ObjectHideFlags: 1
  m_PrefabParentObject: {fileID: 0}
  m_PrefabInternal: {fileID: 100100000}
  serializedVersion: 5
  m_Component:
  - component: {fileID: 4302882133799166}
  - component: {fileID: 60897227711014326}
  m_Layer: 0
  m_Name: Collision
  m_TagString: Untagged
  m_Icon: {fileID: 0}
  m_NavMeshLayer: 0
  m_StaticEditorFlags: 0
  m_IsActive: 1
--- !u!1 &1063789263457008
GameObject:
  m_ObjectHideFlags: 1
  m_PrefabParentObject: {fileID: 0}
  m_PrefabInternal: {fileID: 100100000}
  serializedVersion: 5
  m_Component:
  - component: {fileID: 4897678768514574}
  - component: {fileID: 33528765319014958}
  - component: {fileID: 23112582154920560}
  m_Layer: 0
  m_Name: TileEmodernEBtiles2
  m_TagString: Untagged
  m_Icon: {fileID: 0}
  m_NavMeshLayer: 0
  m_StaticEditorFlags: 0
  m_IsActive: 1
--- !u!1 &1073213814206042
GameObject:
  m_ObjectHideFlags: 1
  m_PrefabParentObject: {fileID: 0}
  m_PrefabInternal: {fileID: 100100000}
  serializedVersion: 5
  m_Component:
  - component: {fileID: 4151893119872430}
  - component: {fileID: 33985046666796438}
  - component: {fileID: 23637764763123546}
  m_Layer: 0
  m_Name: house_inside_2
  m_TagString: Untagged
  m_Icon: {fileID: 0}
  m_NavMeshLayer: 0
  m_StaticEditorFlags: 0
  m_IsActive: 1
--- !u!1 &1048219473216454
GameObject:
  m_ObjectHideFlags: 1
  m_PrefabParentObject: {fileID: 0}
  m_PrefabInternal: {fileID: 100100000}
  serializedVersion: 5
  m_Component:
  - component: {fileID: 4492045367001604}
  - component: {fileID: 33772835551327396}
  - component: {fileID: 23224083242823016}
  m_Layer: 0
  m_Name: TileEmodernEBtiles2
  m_TagString: Untagged
  m_Icon: {fileID: 0}
  m_NavMeshLayer: 0
  m_StaticEditorFlags: 0
  m_IsActive: 1
--- !u!1 &1148797721335708
GameObject:
  m_ObjectHideFlags: 1
  m_PrefabParentObject: {fileID: 0}
  m_PrefabInternal: {fileID: 100100000}
  serializedVersion: 5
  m_Component:
  - component: {fileID: 4582930836584004}
  - component: {fileID: 33013677790327094}
  - component: {fileID: 23721823073410626}
  m_Layer: 0
  m_Name: TileEmodernEBtiles2
  m_TagString: Untagged
  m_Icon: {fileID: 0}
  m_NavMeshLayer: 0
  m_StaticEditorFlags: 0
  m_IsActive: 1
--- !u!1 &1182443743316370
GameObject:
  m_ObjectHideFlags: 1
  m_PrefabParentObject: {fileID: 0}
  m_PrefabInternal: {fileID: 100100000}
  serializedVersion: 5
  m_Component:
  - component: {fileID: 4399511645560482}
  - component: {fileID: 60313323212942992}
  m_Layer: 0
  m_Name: Collision
  m_TagString: Untagged
  m_Icon: {fileID: 0}
  m_NavMeshLayer: 0
  m_StaticEditorFlags: 0
  m_IsActive: 1
--- !u!1 &1175826110912718
GameObject:
  m_ObjectHideFlags: 1
  m_PrefabParentObject: {fileID: 0}
  m_PrefabInternal: {fileID: 100100000}
  serializedVersion: 5
  m_Component:
  - component: {fileID: 4655535366258604}
  - component: {fileID: 33714404814514260}
  - component: {fileID: 23448448357705426}
  m_Layer: 0
  m_Name: house_inside_2
  m_TagString: Untagged
  m_Icon: {fileID: 0}
  m_NavMeshLayer: 0
  m_StaticEditorFlags: 0
  m_IsActive: 1
--- !u!1 &1236061543886998
GameObject:
  m_ObjectHideFlags: 0
  m_PrefabParentObject: {fileID: 0}
  m_PrefabInternal: {fileID: 100100000}
  serializedVersion: 5
  m_Component:
  - component: {fileID: 4769553357098948}
  - component: {fileID: 114971411062108972}
  m_Layer: 0
  m_Name: Murs
  m_TagString: Untagged
  m_Icon: {fileID: 0}
  m_NavMeshLayer: 0
  m_StaticEditorFlags: 0
  m_IsActive: 1
--- !u!1 &1267515197536094
GameObject:
  m_ObjectHideFlags: 1
  m_PrefabParentObject: {fileID: 0}
  m_PrefabInternal: {fileID: 100100000}
  serializedVersion: 5
  m_Component:
  - component: {fileID: 4749606434972154}
  - component: {fileID: 33139975335329262}
  - component: {fileID: 23260120077079504}
  m_Layer: 0
  m_Name: house_inside_2
  m_TagString: Untagged
  m_Icon: {fileID: 0}
  m_NavMeshLayer: 0
  m_StaticEditorFlags: 0
  m_IsActive: 1
--- !u!1 &1256584207775118
GameObject:
  m_ObjectHideFlags: 1
  m_PrefabParentObject: {fileID: 0}
  m_PrefabInternal: {fileID: 100100000}
  serializedVersion: 5
  m_Component:
  - component: {fileID: 4102249120792058}
  - component: {fileID: 60101712926646846}
  m_Layer: 0
  m_Name: Collision
  m_TagString: Untagged
  m_Icon: {fileID: 0}
  m_NavMeshLayer: 0
  m_StaticEditorFlags: 0
  m_IsActive: 1
--- !u!1 &1273611784411282
GameObject:
  m_ObjectHideFlags: 1
  m_PrefabParentObject: {fileID: 0}
  m_PrefabInternal: {fileID: 100100000}
  serializedVersion: 5
  m_Component:
  - component: {fileID: 4099834797621152}
  - component: {fileID: 33761530061772348}
  - component: {fileID: 23182322401365562}
  m_Layer: 0
  m_Name: obj_misk_atlas
  m_TagString: Untagged
  m_Icon: {fileID: 0}
  m_NavMeshLayer: 0
  m_StaticEditorFlags: 0
  m_IsActive: 1
--- !u!1 &1280376127599696
GameObject:
  m_ObjectHideFlags: 1
  m_PrefabParentObject: {fileID: 0}
  m_PrefabInternal: {fileID: 100100000}
  serializedVersion: 5
  m_Component:
  - component: {fileID: 4130601644751208}
  - component: {fileID: 33120157578300064}
  - component: {fileID: 23336180413429476}
  m_Layer: 0
  m_Name: TileEmodernEBtiles2
  m_TagString: Untagged
  m_Icon: {fileID: 0}
  m_NavMeshLayer: 0
  m_StaticEditorFlags: 0
  m_IsActive: 1
--- !u!1 &1324599093989776
GameObject:
  m_ObjectHideFlags: 1
  m_PrefabParentObject: {fileID: 0}
  m_PrefabInternal: {fileID: 100100000}
  serializedVersion: 5
  m_Component:
  - component: {fileID: 4116998185972184}
  - component: {fileID: 114976574392704066}
  m_Layer: 0
  m_Name: Chaise_1
  m_TagString: Untagged
  m_Icon: {fileID: 0}
  m_NavMeshLayer: 0
  m_StaticEditorFlags: 0
  m_IsActive: 1
--- !u!1 &1346117748053464
GameObject:
  m_ObjectHideFlags: 0
  m_PrefabParentObject: {fileID: 0}
  m_PrefabInternal: {fileID: 100100000}
  serializedVersion: 5
  m_Component:
  - component: {fileID: 4994803710966146}
  - component: {fileID: 114373341807849768}
  m_Layer: 0
  m_Name: Sortie
  m_TagString: Untagged
  m_Icon: {fileID: 0}
  m_NavMeshLayer: 0
  m_StaticEditorFlags: 0
  m_IsActive: 1
--- !u!1 &1372463728106826
GameObject:
  m_ObjectHideFlags: 0
  m_PrefabParentObject: {fileID: 0}
  m_PrefabInternal: {fileID: 100100000}
  serializedVersion: 5
  m_Component:
  - component: {fileID: 4440526927241320}
  - component: {fileID: 114499339196847678}
  m_Layer: 0
  m_Name: Exterieur
  m_TagString: Untagged
  m_Icon: {fileID: 0}
  m_NavMeshLayer: 0
  m_StaticEditorFlags: 0
  m_IsActive: 1
--- !u!1 &1406121771609866
GameObject:
  m_ObjectHideFlags: 1
  m_PrefabParentObject: {fileID: 0}
  m_PrefabInternal: {fileID: 100100000}
  serializedVersion: 5
  m_Component:
  - component: {fileID: 4366834213973430}
  - component: {fileID: 33341148611096744}
  - component: {fileID: 23081400832798052}
  m_Layer: 0
  m_Name: house_inside_2
  m_TagString: Untagged
  m_Icon: {fileID: 0}
  m_NavMeshLayer: 0
  m_StaticEditorFlags: 0
  m_IsActive: 1
--- !u!1 &1411135258021778
GameObject:
  m_ObjectHideFlags: 1
  m_PrefabParentObject: {fileID: 0}
  m_PrefabInternal: {fileID: 100100000}
  serializedVersion: 5
  m_Component:
  - component: {fileID: 4757521892854674}
  - component: {fileID: 60888773221119002}
  m_Layer: 0
  m_Name: Collision
  m_TagString: Untagged
  m_Icon: {fileID: 0}
  m_NavMeshLayer: 0
  m_StaticEditorFlags: 0
  m_IsActive: 1
--- !u!1 &1438398699631910
GameObject:
  m_ObjectHideFlags: 1
  m_PrefabParentObject: {fileID: 0}
  m_PrefabInternal: {fileID: 100100000}
  serializedVersion: 5
  m_Component:
  - component: {fileID: 4612488373330998}
  - component: {fileID: 33127904961488506}
  - component: {fileID: 23021390331633564}
  m_Layer: 0
  m_Name: house_inside_2
  m_TagString: Untagged
  m_Icon: {fileID: 0}
  m_NavMeshLayer: 0
  m_StaticEditorFlags: 0
  m_IsActive: 1
--- !u!1 &1483232686023212
GameObject:
  m_ObjectHideFlags: 0
  m_PrefabParentObject: {fileID: 0}
  m_PrefabInternal: {fileID: 100100000}
  serializedVersion: 5
  m_Component:
  - component: {fileID: 4531755325812234}
  - component: {fileID: 114113017445466498}
  m_Layer: 0
  m_Name: Fenetres
  m_TagString: Untagged
  m_Icon: {fileID: 0}
  m_NavMeshLayer: 0
  m_StaticEditorFlags: 0
  m_IsActive: 1
--- !u!1 &1489911257580368
GameObject:
  m_ObjectHideFlags: 1
  m_PrefabParentObject: {fileID: 0}
  m_PrefabInternal: {fileID: 100100000}
  serializedVersion: 5
  m_Component:
  - component: {fileID: 4933794661237972}
  - component: {fileID: 60114796223230278}
  m_Layer: 0
  m_Name: Collision
  m_TagString: Untagged
  m_Icon: {fileID: 0}
  m_NavMeshLayer: 0
  m_StaticEditorFlags: 0
  m_IsActive: 1
--- !u!1 &1531648039856266
GameObject:
  m_ObjectHideFlags: 1
  m_PrefabParentObject: {fileID: 0}
  m_PrefabInternal: {fileID: 100100000}
  serializedVersion: 5
  m_Component:
  - component: {fileID: 4011639135478284}
  - component: {fileID: 33181194272048782}
  - component: {fileID: 23390827372033318}
  m_Layer: 0
  m_Name: base_out_atlas
  m_TagString: Untagged
  m_Icon: {fileID: 0}
  m_NavMeshLayer: 0
  m_StaticEditorFlags: 0
  m_IsActive: 1
--- !u!1 &1584180023642668
GameObject:
  m_ObjectHideFlags: 1
  m_PrefabParentObject: {fileID: 0}
  m_PrefabInternal: {fileID: 100100000}
  serializedVersion: 5
  m_Component:
  - component: {fileID: 4245210703380860}
  - component: {fileID: 60107324791934878}
  m_Layer: 0
  m_Name: Collision
  m_TagString: Untagged
  m_Icon: {fileID: 0}
  m_NavMeshLayer: 0
  m_StaticEditorFlags: 0
  m_IsActive: 1
--- !u!1 &1590467471056928
GameObject:
  m_ObjectHideFlags: 0
  m_PrefabParentObject: {fileID: 0}
  m_PrefabInternal: {fileID: 100100000}
  serializedVersion: 5
  m_Component:
  - component: {fileID: 4556337158638912}
  - component: {fileID: 114065327149571146}
  m_Layer: 0
  m_Name: Mur_Top
  m_TagString: Untagged
  m_Icon: {fileID: 0}
  m_NavMeshLayer: 0
  m_StaticEditorFlags: 0
  m_IsActive: 1
--- !u!1 &1627785148510726
GameObject:
  m_ObjectHideFlags: 1
  m_PrefabParentObject: {fileID: 0}
  m_PrefabInternal: {fileID: 100100000}
  serializedVersion: 5
  m_Component:
  - component: {fileID: 4345656556362424}
  - component: {fileID: 33066107396367978}
  - component: {fileID: 23213980349368456}
  m_Layer: 0
  m_Name: house_inside_2
  m_TagString: Untagged
  m_Icon: {fileID: 0}
  m_NavMeshLayer: 0
  m_StaticEditorFlags: 0
  m_IsActive: 1
--- !u!1 &1630536138917002
GameObject:
  m_ObjectHideFlags: 1
  m_PrefabParentObject: {fileID: 0}
  m_PrefabInternal: {fileID: 100100000}
  serializedVersion: 5
  m_Component:
  - component: {fileID: 4600017640287742}
  - component: {fileID: 60810030696563370}
  m_Layer: 0
  m_Name: Collision
  m_TagString: Untagged
  m_Icon: {fileID: 0}
  m_NavMeshLayer: 0
  m_StaticEditorFlags: 0
  m_IsActive: 1
--- !u!1 &1694851164439910
GameObject:
  m_ObjectHideFlags: 1
  m_PrefabParentObject: {fileID: 0}
  m_PrefabInternal: {fileID: 100100000}
  serializedVersion: 5
  m_Component:
  - component: {fileID: 4858441683291304}
  - component: {fileID: 33971970380236940}
  - component: {fileID: 23981766304133402}
  m_Layer: 0
  m_Name: house_inside_2
  m_TagString: Untagged
  m_Icon: {fileID: 0}
  m_NavMeshLayer: 0
  m_StaticEditorFlags: 0
  m_IsActive: 1
--- !u!1 &1596757049516872
GameObject:
  m_ObjectHideFlags: 1
  m_PrefabParentObject: {fileID: 0}
  m_PrefabInternal: {fileID: 100100000}
  serializedVersion: 5
  m_Component:
  - component: {fileID: 4361749756311530}
  - component: {fileID: 33898776975150314}
  - component: {fileID: 23175055398415066}
  m_Layer: 0
  m_Name: house_inside_2
  m_TagString: Untagged
  m_Icon: {fileID: 0}
  m_NavMeshLayer: 0
  m_StaticEditorFlags: 0
  m_IsActive: 1
--- !u!1 &1625057081604384
GameObject:
  m_ObjectHideFlags: 1
  m_PrefabParentObject: {fileID: 0}
  m_PrefabInternal: {fileID: 100100000}
  serializedVersion: 5
  m_Component:
  - component: {fileID: 4969512673897558}
  - component: {fileID: 60474954723936604}
  m_Layer: 0
  m_Name: Collision
  m_TagString: Untagged
  m_Icon: {fileID: 0}
  m_NavMeshLayer: 0
  m_StaticEditorFlags: 0
  m_IsActive: 1
--- !u!1 &1649576562577042
GameObject:
  m_ObjectHideFlags: 1
  m_PrefabParentObject: {fileID: 0}
  m_PrefabInternal: {fileID: 100100000}
  serializedVersion: 5
  m_Component:
  - component: {fileID: 4707805220913730}
  - component: {fileID: 33660438750640184}
  - component: {fileID: 23221319625136974}
  m_Layer: 0
  m_Name: house_inside_2
  m_TagString: Untagged
  m_Icon: {fileID: 0}
  m_NavMeshLayer: 0
  m_StaticEditorFlags: 0
  m_IsActive: 1
--- !u!1 &1710386751132958
GameObject:
  m_ObjectHideFlags: 0
  m_PrefabParentObject: {fileID: 0}
  m_PrefabInternal: {fileID: 100100000}
  serializedVersion: 5
  m_Component:
  - component: {fileID: 4719940718916254}
  - component: {fileID: 114117822437922760}
  m_Layer: 0
  m_Name: GetYourSemester_TD2
  m_TagString: Untagged
  m_Icon: {fileID: 0}
  m_NavMeshLayer: 0
  m_StaticEditorFlags: 0
  m_IsActive: 1
--- !u!1 &1711852945451228
GameObject:
  m_ObjectHideFlags: 1
  m_PrefabParentObject: {fileID: 0}
  m_PrefabInternal: {fileID: 100100000}
  serializedVersion: 5
  m_Component:
  - component: {fileID: 4055862941144918}
  - component: {fileID: 33578042530720018}
  - component: {fileID: 23790168876517244}
  m_Layer: 0
  m_Name: house_inside_2
  m_TagString: Untagged
  m_Icon: {fileID: 0}
  m_NavMeshLayer: 0
  m_StaticEditorFlags: 0
  m_IsActive: 1
--- !u!1 &1736343919173758
GameObject:
  m_ObjectHideFlags: 0
  m_PrefabParentObject: {fileID: 0}
  m_PrefabInternal: {fileID: 100100000}
  serializedVersion: 5
  m_Component:
  - component: {fileID: 4189599156890760}
  - component: {fileID: 114459223666866416}
  m_Layer: 0
  m_Name: Agile
  m_TagString: Untagged
  m_Icon: {fileID: 0}
  m_NavMeshLayer: 0
  m_StaticEditorFlags: 0
  m_IsActive: 1
--- !u!1 &1752617158103684
GameObject:
  m_ObjectHideFlags: 1
  m_PrefabParentObject: {fileID: 0}
  m_PrefabInternal: {fileID: 100100000}
  serializedVersion: 5
  m_Component:
  - component: {fileID: 4896968146780292}
  - component: {fileID: 60683606653517052}
  m_Layer: 0
  m_Name: Collision
  m_TagString: Untagged
  m_Icon: {fileID: 0}
  m_NavMeshLayer: 0
  m_StaticEditorFlags: 0
  m_IsActive: 1
--- !u!1 &1752985463822340
GameObject:
  m_ObjectHideFlags: 1
  m_PrefabParentObject: {fileID: 0}
  m_PrefabInternal: {fileID: 100100000}
  serializedVersion: 5
  m_Component:
  - component: {fileID: 4990448597203030}
  - component: {fileID: 60124276177079484}
  m_Layer: 0
  m_Name: Collision
  m_TagString: Untagged
  m_Icon: {fileID: 0}
  m_NavMeshLayer: 0
  m_StaticEditorFlags: 0
  m_IsActive: 1
--- !u!1 &1753119995223448
GameObject:
  m_ObjectHideFlags: 1
  m_PrefabParentObject: {fileID: 0}
  m_PrefabInternal: {fileID: 100100000}
  serializedVersion: 5
  m_Component:
  - component: {fileID: 4904392125867106}
  - component: {fileID: 114117030453264914}
  m_Layer: 0
  m_Name: Table
  m_TagString: Untagged
  m_Icon: {fileID: 0}
  m_NavMeshLayer: 0
  m_StaticEditorFlags: 0
  m_IsActive: 1
--- !u!1 &1806516731648674
GameObject:
  m_ObjectHideFlags: 0
  m_PrefabParentObject: {fileID: 0}
  m_PrefabInternal: {fileID: 100100000}
  serializedVersion: 5
  m_Component:
  - component: {fileID: 4173490388540814}
  - component: {fileID: 114762938935263012}
  m_Layer: 0
  m_Name: Decor
  m_TagString: Untagged
  m_Icon: {fileID: 0}
  m_NavMeshLayer: 0
  m_StaticEditorFlags: 0
  m_IsActive: 1
--- !u!1 &1807035814387988
GameObject:
  m_ObjectHideFlags: 1
  m_PrefabParentObject: {fileID: 0}
  m_PrefabInternal: {fileID: 100100000}
  serializedVersion: 5
  m_Component:
  - component: {fileID: 4752974773034562}
  - component: {fileID: 60881618370118550}
  m_Layer: 0
  m_Name: Collision
  m_TagString: Untagged
  m_Icon: {fileID: 0}
  m_NavMeshLayer: 0
  m_StaticEditorFlags: 0
  m_IsActive: 1
--- !u!1 &1821649364852676
GameObject:
  m_ObjectHideFlags: 0
  m_PrefabParentObject: {fileID: 0}
  m_PrefabInternal: {fileID: 100100000}
  serializedVersion: 5
  m_Component:
  - component: {fileID: 4518608213072592}
  - component: {fileID: 114926139159598568}
  m_Layer: 0
  m_Name: Sol
  m_TagString: Untagged
  m_Icon: {fileID: 0}
  m_NavMeshLayer: 0
  m_StaticEditorFlags: 0
  m_IsActive: 1
--- !u!1 &1875500673715908
GameObject:
  m_ObjectHideFlags: 1
  m_PrefabParentObject: {fileID: 0}
  m_PrefabInternal: {fileID: 100100000}
  serializedVersion: 5
  m_Component:
  - component: {fileID: 4347276983694294}
  - component: {fileID: 33157543656817760}
  - component: {fileID: 23754201770836956}
  m_Layer: 0
  m_Name: house_inside_2
  m_TagString: Untagged
  m_Icon: {fileID: 0}
  m_NavMeshLayer: 0
  m_StaticEditorFlags: 0
  m_IsActive: 1
--- !u!1 &1882646307023302
GameObject:
  m_ObjectHideFlags: 1
  m_PrefabParentObject: {fileID: 0}
  m_PrefabInternal: {fileID: 100100000}
  serializedVersion: 5
  m_Component:
  - component: {fileID: 4342386084702544}
  - component: {fileID: 60671287393334006}
  m_Layer: 0
  m_Name: Collision
  m_TagString: Untagged
  m_Icon: {fileID: 0}
  m_NavMeshLayer: 0
  m_StaticEditorFlags: 0
  m_IsActive: 1
--- !u!1 &1920616461379326
GameObject:
  m_ObjectHideFlags: 1
  m_PrefabParentObject: {fileID: 0}
  m_PrefabInternal: {fileID: 100100000}
  serializedVersion: 5
  m_Component:
  - component: {fileID: 4762953246257446}
  - component: {fileID: 33278623945204008}
  - component: {fileID: 23335455069447598}
  m_Layer: 0
  m_Name: TileEmodernEBtiles2
  m_TagString: Untagged
  m_Icon: {fileID: 0}
  m_NavMeshLayer: 0
  m_StaticEditorFlags: 0
  m_IsActive: 1
--- !u!1 &1921440813577446
GameObject:
  m_ObjectHideFlags: 1
  m_PrefabParentObject: {fileID: 0}
  m_PrefabInternal: {fileID: 100100000}
  serializedVersion: 5
  m_Component:
  - component: {fileID: 4222815768315184}
  - component: {fileID: 114812939216562920}
  m_Layer: 0
  m_Name: Chaise_2
  m_TagString: Untagged
  m_Icon: {fileID: 0}
  m_NavMeshLayer: 0
  m_StaticEditorFlags: 0
  m_IsActive: 1
--- !u!1 &1951844259268696
GameObject:
  m_ObjectHideFlags: 1
  m_PrefabParentObject: {fileID: 0}
  m_PrefabInternal: {fileID: 100100000}
  serializedVersion: 5
  m_Component:
  - component: {fileID: 4971654681601282}
  - component: {fileID: 33172561238041506}
  - component: {fileID: 23933967949914002}
  m_Layer: 0
  m_Name: build_atlas
  m_TagString: Untagged
  m_Icon: {fileID: 0}
  m_NavMeshLayer: 0
  m_StaticEditorFlags: 0
  m_IsActive: 1
--- !u!1 &1968111677290042
GameObject:
  m_ObjectHideFlags: 1
  m_PrefabParentObject: {fileID: 0}
  m_PrefabInternal: {fileID: 100100000}
  serializedVersion: 5
  m_Component:
  - component: {fileID: 4638402828645734}
  - component: {fileID: 33872174337170084}
  - component: {fileID: 23713694724958556}
  m_Layer: 0
  m_Name: house_inside_2
  m_TagString: Untagged
  m_Icon: {fileID: 0}
  m_NavMeshLayer: 0
  m_StaticEditorFlags: 0
  m_IsActive: 1
--- !u!4 &4011639135478284
Transform:
  m_ObjectHideFlags: 1
  m_PrefabParentObject: {fileID: 0}
  m_PrefabInternal: {fileID: 100100000}
  m_GameObject: {fileID: 1531648039856266}
  m_LocalRotation: {x: -0, y: -0, z: -0, w: 1}
  m_LocalPosition: {x: 0, y: 0, z: 0}
  m_LocalScale: {x: 1, y: 1, z: 1}
  m_Children: []
  m_Father: {fileID: 4518608213072592}
  m_RootOrder: 0
  m_LocalEulerAnglesHint: {x: 0, y: 0, z: 0}
--- !u!4 &4055862941144918
Transform:
  m_ObjectHideFlags: 1
  m_PrefabParentObject: {fileID: 0}
  m_PrefabInternal: {fileID: 100100000}
  m_GameObject: {fileID: 1711852945451228}
  m_LocalRotation: {x: -0, y: -0, z: -0, w: 1}
  m_LocalPosition: {x: 0, y: 0, z: 0}
  m_LocalScale: {x: 1, y: 1, z: 1}
  m_Children: []
  m_Father: {fileID: 4518608213072592}
  m_RootOrder: 1
  m_LocalEulerAnglesHint: {x: 0, y: 0, z: 0}
--- !u!4 &4099834797621152
Transform:
  m_ObjectHideFlags: 1
  m_PrefabParentObject: {fileID: 0}
  m_PrefabInternal: {fileID: 100100000}
  m_GameObject: {fileID: 1273611784411282}
  m_LocalRotation: {x: -0, y: -0, z: -0, w: 1}
  m_LocalPosition: {x: 0, y: 0, z: 0}
  m_LocalScale: {x: 1, y: 1, z: 1}
  m_Children: []
  m_Father: {fileID: 4440526927241320}
  m_RootOrder: 0
  m_LocalEulerAnglesHint: {x: 0, y: 0, z: 0}
--- !u!4 &4102249120792058
Transform:
  m_ObjectHideFlags: 1
  m_PrefabParentObject: {fileID: 0}
  m_PrefabInternal: {fileID: 100100000}
  m_GameObject: {fileID: 1256584207775118}
  m_LocalRotation: {x: -0, y: -0, z: -0, w: 1}
  m_LocalPosition: {x: 0, y: 0, z: 0}
  m_LocalScale: {x: 1, y: 1, z: 1}
  m_Children: []
  m_Father: {fileID: 4222815768315184}
  m_RootOrder: 1
  m_LocalEulerAnglesHint: {x: 0, y: 0, z: 0}
--- !u!4 &4116998185972184
Transform:
  m_ObjectHideFlags: 1
  m_PrefabParentObject: {fileID: 0}
  m_PrefabInternal: {fileID: 100100000}
  m_GameObject: {fileID: 1324599093989776}
  m_LocalRotation: {x: -0, y: -0, z: -0, w: 1}
  m_LocalPosition: {x: 0, y: 0, z: -0.25}
  m_LocalScale: {x: 1, y: 1, z: 1}
  m_Children:
  - {fileID: 4749606434972154}
  - {fileID: 4302882133799166}
  - {fileID: 4366834213973430}
  - {fileID: 4969512673897558}
  m_Father: {fileID: 4173490388540814}
  m_RootOrder: 2
  m_LocalEulerAnglesHint: {x: 0, y: 0, z: 0}
--- !u!4 &4130601644751208
Transform:
  m_ObjectHideFlags: 1
  m_PrefabParentObject: {fileID: 0}
  m_PrefabInternal: {fileID: 100100000}
  m_GameObject: {fileID: 1280376127599696}
  m_LocalRotation: {x: -0, y: -0, z: -0, w: 1}
  m_LocalPosition: {x: 0, y: 0, z: 0}
  m_LocalScale: {x: 1, y: 1, z: 1}
  m_Children: []
  m_Father: {fileID: 4189599156890760}
  m_RootOrder: 0
  m_LocalEulerAnglesHint: {x: 0, y: 0, z: 0}
--- !u!4 &4151893119872430
Transform:
  m_ObjectHideFlags: 1
  m_PrefabParentObject: {fileID: 0}
  m_PrefabInternal: {fileID: 100100000}
  m_GameObject: {fileID: 1073213814206042}
  m_LocalRotation: {x: -0, y: -0, z: -0, w: 1}
  m_LocalPosition: {x: 0, y: 0, z: 0}
  m_LocalScale: {x: 1, y: 1, z: 1}
  m_Children: []
  m_Father: {fileID: 4556337158638912}
  m_RootOrder: 0
  m_LocalEulerAnglesHint: {x: 0, y: 0, z: 0}
--- !u!4 &4173490388540814
Transform:
  m_ObjectHideFlags: 1
  m_PrefabParentObject: {fileID: 0}
  m_PrefabInternal: {fileID: 100100000}
  m_GameObject: {fileID: 1806516731648674}
  m_LocalRotation: {x: -0, y: -0, z: -0, w: 1}
  m_LocalPosition: {x: 0, y: 0, z: -0.25}
  m_LocalScale: {x: 1, y: 1, z: 1}
  m_Children:
  - {fileID: 4222815768315184}
  - {fileID: 4904392125867106}
  - {fileID: 4116998185972184}
  m_Father: {fileID: 4719940718916254}
  m_RootOrder: 4
  m_LocalEulerAnglesHint: {x: 0, y: 0, z: 0}
--- !u!4 &4189599156890760
Transform:
  m_ObjectHideFlags: 1
  m_PrefabParentObject: {fileID: 0}
  m_PrefabInternal: {fileID: 100100000}
  m_GameObject: {fileID: 1736343919173758}
  m_LocalRotation: {x: -0, y: -0, z: -0, w: 1}
  m_LocalPosition: {x: 0, y: 0, z: -0.3125}
  m_LocalScale: {x: 1, y: 1, z: 1}
  m_Children:
  - {fileID: 4130601644751208}
  - {fileID: 4245210703380860}
  - {fileID: 4492045367001604}
  - {fileID: 4990448597203030}
  m_Father: {fileID: 4719940718916254}
  m_RootOrder: 5
  m_LocalEulerAnglesHint: {x: 0, y: 0, z: 0}
--- !u!4 &4222815768315184
Transform:
  m_ObjectHideFlags: 1
  m_PrefabParentObject: {fileID: 0}
  m_PrefabInternal: {fileID: 100100000}
  m_GameObject: {fileID: 1921440813577446}
  m_LocalRotation: {x: -0, y: -0, z: -0, w: 1}
  m_LocalPosition: {x: 0, y: 0, z: -0.25}
  m_LocalScale: {x: 1, y: 1, z: 1}
  m_Children:
  - {fileID: 4345656556362424}
  - {fileID: 4600017640287742}
  - {fileID: 4347276983694294}
  - {fileID: 4102249120792058}
  m_Father: {fileID: 4173490388540814}
  m_RootOrder: 0
  m_LocalEulerAnglesHint: {x: 0, y: 0, z: 0}
--- !u!4 &4245210703380860
Transform:
  m_ObjectHideFlags: 1
  m_PrefabParentObject: {fileID: 0}
  m_PrefabInternal: {fileID: 100100000}
  m_GameObject: {fileID: 1584180023642668}
  m_LocalRotation: {x: -0, y: -0, z: -0, w: 1}
  m_LocalPosition: {x: 0, y: 0, z: 0}
  m_LocalScale: {x: 1, y: 1, z: 1}
  m_Children: []
  m_Father: {fileID: 4189599156890760}
  m_RootOrder: 1
  m_LocalEulerAnglesHint: {x: 0, y: 0, z: 0}
--- !u!4 &4302882133799166
Transform:
  m_ObjectHideFlags: 1
  m_PrefabParentObject: {fileID: 0}
  m_PrefabInternal: {fileID: 100100000}
  m_GameObject: {fileID: 1040624423663804}
  m_LocalRotation: {x: -0, y: -0, z: -0, w: 1}
  m_LocalPosition: {x: 0, y: 0, z: 0}
  m_LocalScale: {x: 1, y: 1, z: 1}
  m_Children: []
  m_Father: {fileID: 4116998185972184}
  m_RootOrder: 1
  m_LocalEulerAnglesHint: {x: 0, y: 0, z: 0}
--- !u!4 &4345656556362424
Transform:
  m_ObjectHideFlags: 1
  m_PrefabParentObject: {fileID: 0}
  m_PrefabInternal: {fileID: 100100000}
  m_GameObject: {fileID: 1627785148510726}
  m_LocalRotation: {x: -0, y: -0, z: -0, w: 1}
  m_LocalPosition: {x: 0, y: 0, z: 0}
  m_LocalScale: {x: 1, y: 1, z: 1}
  m_Children: []
  m_Father: {fileID: 4222815768315184}
  m_RootOrder: 0
  m_LocalEulerAnglesHint: {x: 0, y: 0, z: 0}
--- !u!4 &4399511645560482
Transform:
  m_ObjectHideFlags: 1
  m_PrefabParentObject: {fileID: 0}
  m_PrefabInternal: {fileID: 100100000}
  m_GameObject: {fileID: 1182443743316370}
  m_LocalRotation: {x: -0, y: -0, z: -0, w: 1}
  m_LocalPosition: {x: 0, y: 0, z: 0}
  m_LocalScale: {x: 1, y: 1, z: 1}
  m_Children: []
  m_Father: {fileID: 4904392125867106}
  m_RootOrder: 1
  m_LocalEulerAnglesHint: {x: 0, y: 0, z: 0}
--- !u!4 &4342386084702544
Transform:
  m_ObjectHideFlags: 1
  m_PrefabParentObject: {fileID: 0}
  m_PrefabInternal: {fileID: 100100000}
  m_GameObject: {fileID: 1882646307023302}
  m_LocalRotation: {x: -0, y: -0, z: -0, w: 1}
  m_LocalPosition: {x: 0, y: 0, z: 0}
  m_LocalScale: {x: 1, y: 1, z: 1}
  m_Children: []
  m_Father: {fileID: 4904392125867106}
  m_RootOrder: 1
  m_LocalEulerAnglesHint: {x: 0, y: 0, z: 0}
--- !u!4 &4347276983694294
Transform:
  m_ObjectHideFlags: 1
  m_PrefabParentObject: {fileID: 0}
  m_PrefabInternal: {fileID: 100100000}
  m_GameObject: {fileID: 1875500673715908}
  m_LocalRotation: {x: -0, y: -0, z: -0, w: 1}
  m_LocalPosition: {x: 0, y: 0, z: 0}
  m_LocalScale: {x: 1, y: 1, z: 1}
  m_Children: []
  m_Father: {fileID: 4222815768315184}
  m_RootOrder: 0
  m_LocalEulerAnglesHint: {x: 0, y: 0, z: 0}
--- !u!4 &4361749756311530
Transform:
  m_ObjectHideFlags: 1
  m_PrefabParentObject: {fileID: 0}
  m_PrefabInternal: {fileID: 100100000}
  m_GameObject: {fileID: 1596757049516872}
  m_LocalRotation: {x: -0, y: -0, z: -0, w: 1}
  m_LocalPosition: {x: 0, y: 0, z: 0}
  m_LocalScale: {x: 1, y: 1, z: 1}
  m_Children: []
  m_Father: {fileID: 4904392125867106}
  m_RootOrder: 0
  m_LocalEulerAnglesHint: {x: 0, y: 0, z: 0}
--- !u!4 &4366834213973430
Transform:
  m_ObjectHideFlags: 1
  m_PrefabParentObject: {fileID: 0}
  m_PrefabInternal: {fileID: 100100000}
  m_GameObject: {fileID: 1406121771609866}
  m_LocalRotation: {x: -0, y: -0, z: -0, w: 1}
  m_LocalPosition: {x: 0, y: 0, z: 0}
  m_LocalScale: {x: 1, y: 1, z: 1}
  m_Children: []
  m_Father: {fileID: 4116998185972184}
  m_RootOrder: 0
  m_LocalEulerAnglesHint: {x: 0, y: 0, z: 0}
--- !u!4 &4440526927241320
Transform:
  m_ObjectHideFlags: 1
  m_PrefabParentObject: {fileID: 0}
  m_PrefabInternal: {fileID: 100100000}
  m_GameObject: {fileID: 1372463728106826}
  m_LocalRotation: {x: -0, y: -0, z: -0, w: 1}
  m_LocalPosition: {x: 0, y: 0, z: -0.0625}
  m_LocalScale: {x: 1, y: 1, z: 1}
  m_Children:
  - {fileID: 4099834797621152}
  m_Father: {fileID: 4719940718916254}
  m_RootOrder: 1
  m_LocalEulerAnglesHint: {x: 0, y: 0, z: 0}
--- !u!4 &4492045367001604
Transform:
  m_ObjectHideFlags: 1
  m_PrefabParentObject: {fileID: 0}
  m_PrefabInternal: {fileID: 100100000}
  m_GameObject: {fileID: 1048219473216454}
  m_LocalRotation: {x: -0, y: -0, z: -0, w: 1}
  m_LocalPosition: {x: 0, y: 0, z: 0}
  m_LocalScale: {x: 1, y: 1, z: 1}
  m_Children: []
  m_Father: {fileID: 4189599156890760}
  m_RootOrder: 0
  m_LocalEulerAnglesHint: {x: 0, y: 0, z: 0}
--- !u!4 &4518608213072592
Transform:
  m_ObjectHideFlags: 1
  m_PrefabParentObject: {fileID: 0}
  m_PrefabInternal: {fileID: 100100000}
  m_GameObject: {fileID: 1821649364852676}
  m_LocalRotation: {x: -0, y: -0, z: -0, w: 1}
  m_LocalPosition: {x: 0, y: 0, z: 0}
  m_LocalScale: {x: 1, y: 1, z: 1}
  m_Children:
  - {fileID: 4011639135478284}
  - {fileID: 4055862941144918}
  - {fileID: 4707805220913730}
  m_Father: {fileID: 4719940718916254}
  m_RootOrder: 0
  m_LocalEulerAnglesHint: {x: 0, y: 0, z: 0}
--- !u!4 &4531755325812234
Transform:
  m_ObjectHideFlags: 1
  m_PrefabParentObject: {fileID: 0}
  m_PrefabInternal: {fileID: 100100000}
  m_GameObject: {fileID: 1483232686023212}
  m_LocalRotation: {x: -0, y: -0, z: -0, w: 1}
  m_LocalPosition: {x: 2, y: 14, z: -0.16015625}
  m_LocalScale: {x: 1, y: 1, z: 1}
  m_Children:
  - {fileID: 4897678768514574}
  - {fileID: 4762953246257446}
  m_Father: {fileID: 4719940718916254}
  m_RootOrder: 3
  m_LocalEulerAnglesHint: {x: 0, y: 0, z: 0}
--- !u!4 &4556337158638912
Transform:
  m_ObjectHideFlags: 1
  m_PrefabParentObject: {fileID: 0}
  m_PrefabInternal: {fileID: 100100000}
  m_GameObject: {fileID: 1590467471056928}
  m_LocalRotation: {x: -0, y: -0, z: -0, w: 1}
  m_LocalPosition: {x: 0, y: 0, z: -0.375}
  m_LocalScale: {x: 1, y: 1, z: 1}
  m_Children:
  - {fileID: 4151893119872430}
  - {fileID: 4582930836584004}
  - {fileID: 4655535366258604}
  - {fileID: 4971654681601282}
  - {fileID: 4896968146780292}
  - {fileID: 4752974773034562}
  m_Father: {fileID: 4719940718916254}
  m_RootOrder: 6
  m_LocalEulerAnglesHint: {x: 0, y: 0, z: 0}
--- !u!4 &4582930836584004
Transform:
  m_ObjectHideFlags: 1
  m_PrefabParentObject: {fileID: 0}
  m_PrefabInternal: {fileID: 100100000}
  m_GameObject: {fileID: 1148797721335708}
  m_LocalRotation: {x: -0, y: -0, z: -0, w: 1}
  m_LocalPosition: {x: 0, y: 0, z: 0}
  m_LocalScale: {x: 1, y: 1, z: 1}
  m_Children: []
  m_Father: {fileID: 4556337158638912}
  m_RootOrder: 1
  m_LocalEulerAnglesHint: {x: 0, y: 0, z: 0}
--- !u!4 &4600017640287742
Transform:
  m_ObjectHideFlags: 1
  m_PrefabParentObject: {fileID: 0}
  m_PrefabInternal: {fileID: 100100000}
  m_GameObject: {fileID: 1630536138917002}
  m_LocalRotation: {x: -0, y: -0, z: -0, w: 1}
  m_LocalPosition: {x: 0, y: 0, z: 0}
  m_LocalScale: {x: 1, y: 1, z: 1}
  m_Children: []
  m_Father: {fileID: 4222815768315184}
  m_RootOrder: 1
  m_LocalEulerAnglesHint: {x: 0, y: 0, z: 0}
--- !u!4 &4638402828645734
Transform:
  m_ObjectHideFlags: 1
  m_PrefabParentObject: {fileID: 0}
  m_PrefabInternal: {fileID: 100100000}
  m_GameObject: {fileID: 1968111677290042}
  m_LocalRotation: {x: -0, y: -0, z: -0, w: 1}
  m_LocalPosition: {x: 0, y: 0, z: 0}
  m_LocalScale: {x: 1, y: 1, z: 1}
  m_Children: []
  m_Father: {fileID: 4769553357098948}
  m_RootOrder: 0
  m_LocalEulerAnglesHint: {x: 0, y: 0, z: 0}
--- !u!4 &4612488373330998
Transform:
  m_ObjectHideFlags: 1
  m_PrefabParentObject: {fileID: 0}
  m_PrefabInternal: {fileID: 100100000}
  m_GameObject: {fileID: 1438398699631910}
  m_LocalRotation: {x: -0, y: -0, z: -0, w: 1}
  m_LocalPosition: {x: 0, y: 0, z: 0}
  m_LocalScale: {x: 1, y: 1, z: 1}
  m_Children: []
  m_Father: {fileID: 4769553357098948}
  m_RootOrder: 0
  m_LocalEulerAnglesHint: {x: 0, y: 0, z: 0}
--- !u!4 &4655535366258604
Transform:
  m_ObjectHideFlags: 1
  m_PrefabParentObject: {fileID: 0}
  m_PrefabInternal: {fileID: 100100000}
  m_GameObject: {fileID: 1175826110912718}
  m_LocalRotation: {x: -0, y: -0, z: -0, w: 1}
  m_LocalPosition: {x: 0, y: 0, z: 0}
  m_LocalScale: {x: 1, y: 1, z: 1}
  m_Children: []
  m_Father: {fileID: 4556337158638912}
  m_RootOrder: 0
  m_LocalEulerAnglesHint: {x: 0, y: 0, z: 0}
--- !u!4 &4707805220913730
Transform:
  m_ObjectHideFlags: 1
  m_PrefabParentObject: {fileID: 0}
  m_PrefabInternal: {fileID: 100100000}
  m_GameObject: {fileID: 1649576562577042}
  m_LocalRotation: {x: -0, y: -0, z: -0, w: 1}
  m_LocalPosition: {x: 0, y: 0, z: 0}
  m_LocalScale: {x: 1, y: 1, z: 1}
  m_Children: []
  m_Father: {fileID: 4518608213072592}
  m_RootOrder: 1
  m_LocalEulerAnglesHint: {x: 0, y: 0, z: 0}
--- !u!4 &4719940718916254
Transform:
  m_ObjectHideFlags: 1
  m_PrefabParentObject: {fileID: 0}
  m_PrefabInternal: {fileID: 100100000}
  m_GameObject: {fileID: 1710386751132958}
  m_LocalRotation: {x: 0, y: 0, z: 0, w: 1}
  m_LocalPosition: {x: 0, y: 0, z: 0}
  m_LocalScale: {x: 1, y: 1, z: 1}
  m_Children:
  - {fileID: 4518608213072592}
  - {fileID: 4440526927241320}
  - {fileID: 4769553357098948}
  - {fileID: 4531755325812234}
  - {fileID: 4173490388540814}
  - {fileID: 4189599156890760}
  - {fileID: 4556337158638912}
  - {fileID: 4994803710966146}
  m_Father: {fileID: 0}
  m_RootOrder: 0
  m_LocalEulerAnglesHint: {x: 0, y: 0, z: 0}
--- !u!4 &4749606434972154
Transform:
  m_ObjectHideFlags: 1
  m_PrefabParentObject: {fileID: 0}
  m_PrefabInternal: {fileID: 100100000}
  m_GameObject: {fileID: 1267515197536094}
  m_LocalRotation: {x: -0, y: -0, z: -0, w: 1}
  m_LocalPosition: {x: 0, y: 0, z: 0}
  m_LocalScale: {x: 1, y: 1, z: 1}
  m_Children: []
  m_Father: {fileID: 4116998185972184}
  m_RootOrder: 0
  m_LocalEulerAnglesHint: {x: 0, y: 0, z: 0}
--- !u!4 &4752974773034562
Transform:
  m_ObjectHideFlags: 1
  m_PrefabParentObject: {fileID: 0}
  m_PrefabInternal: {fileID: 100100000}
  m_GameObject: {fileID: 1807035814387988}
  m_LocalRotation: {x: -0, y: -0, z: -0, w: 1}
  m_LocalPosition: {x: 0, y: 0, z: 0}
  m_LocalScale: {x: 1, y: 1, z: 1}
  m_Children: []
  m_Father: {fileID: 4556337158638912}
  m_RootOrder: 3
  m_LocalEulerAnglesHint: {x: 0, y: 0, z: 0}
--- !u!4 &4757521892854674
Transform:
  m_ObjectHideFlags: 1
  m_PrefabParentObject: {fileID: 0}
  m_PrefabInternal: {fileID: 100100000}
  m_GameObject: {fileID: 1411135258021778}
  m_LocalRotation: {x: -0, y: -0, z: -0, w: 1}
  m_LocalPosition: {x: 0, y: 0, z: 0}
  m_LocalScale: {x: 1, y: 1, z: 1}
  m_Children: []
  m_Father: {fileID: 4769553357098948}
  m_RootOrder: 1
  m_LocalEulerAnglesHint: {x: 0, y: 0, z: 0}
--- !u!4 &4762953246257446
Transform:
  m_ObjectHideFlags: 1
  m_PrefabParentObject: {fileID: 0}
  m_PrefabInternal: {fileID: 100100000}
  m_GameObject: {fileID: 1920616461379326}
  m_LocalRotation: {x: -0, y: -0, z: -0, w: 1}
  m_LocalPosition: {x: 0, y: 0, z: 0}
  m_LocalScale: {x: 1, y: 1, z: 1}
  m_Children: []
  m_Father: {fileID: 4531755325812234}
  m_RootOrder: 0
  m_LocalEulerAnglesHint: {x: 0, y: 0, z: 0}
--- !u!4 &4769553357098948
Transform:
  m_ObjectHideFlags: 1
  m_PrefabParentObject: {fileID: 0}
  m_PrefabInternal: {fileID: 100100000}
  m_GameObject: {fileID: 1236061543886998}
  m_LocalRotation: {x: -0, y: -0, z: -0, w: 1}
  m_LocalPosition: {x: 0, y: 0, z: -0.125}
  m_LocalScale: {x: 1, y: 1, z: 1}
  m_Children:
  - {fileID: 4638402828645734}
  - {fileID: 4933794661237972}
  - {fileID: 4612488373330998}
  - {fileID: 4757521892854674}
  m_Father: {fileID: 4719940718916254}
  m_RootOrder: 2
  m_LocalEulerAnglesHint: {x: 0, y: 0, z: 0}
--- !u!4 &4815615042267780
Transform:
  m_ObjectHideFlags: 1
  m_PrefabParentObject: {fileID: 0}
  m_PrefabInternal: {fileID: 100100000}
  m_GameObject: {fileID: 1004969570815178}
  m_LocalRotation: {x: -0, y: -0, z: -0, w: 1}
  m_LocalPosition: {x: 0, y: 0, z: 0}
  m_LocalScale: {x: 1, y: 1, z: 1}
  m_Children: []
  m_Father: {fileID: 4994803710966146}
  m_RootOrder: 0
  m_LocalEulerAnglesHint: {x: 0, y: 0, z: 0}
--- !u!4 &4858441683291304
Transform:
  m_ObjectHideFlags: 1
  m_PrefabParentObject: {fileID: 0}
  m_PrefabInternal: {fileID: 100100000}
  m_GameObject: {fileID: 1694851164439910}
  m_LocalRotation: {x: -0, y: -0, z: -0, w: 1}
  m_LocalPosition: {x: 0, y: 0, z: 0}
  m_LocalScale: {x: 1, y: 1, z: 1}
  m_Children: []
  m_Father: {fileID: 4904392125867106}
  m_RootOrder: 0
  m_LocalEulerAnglesHint: {x: 0, y: 0, z: 0}
--- !u!4 &4896968146780292
Transform:
  m_ObjectHideFlags: 1
  m_PrefabParentObject: {fileID: 0}
  m_PrefabInternal: {fileID: 100100000}
  m_GameObject: {fileID: 1752617158103684}
  m_LocalRotation: {x: -0, y: -0, z: -0, w: 1}
  m_LocalPosition: {x: 0, y: 0, z: 0}
  m_LocalScale: {x: 1, y: 1, z: 1}
  m_Children: []
  m_Father: {fileID: 4556337158638912}
  m_RootOrder: 3
  m_LocalEulerAnglesHint: {x: 0, y: 0, z: 0}
--- !u!4 &4897678768514574
Transform:
  m_ObjectHideFlags: 1
  m_PrefabParentObject: {fileID: 0}
  m_PrefabInternal: {fileID: 100100000}
  m_GameObject: {fileID: 1063789263457008}
  m_LocalRotation: {x: -0, y: -0, z: -0, w: 1}
  m_LocalPosition: {x: 0, y: 0, z: 0}
  m_LocalScale: {x: 1, y: 1, z: 1}
  m_Children: []
  m_Father: {fileID: 4531755325812234}
  m_RootOrder: 0
  m_LocalEulerAnglesHint: {x: 0, y: 0, z: 0}
--- !u!4 &4904392125867106
Transform:
  m_ObjectHideFlags: 1
  m_PrefabParentObject: {fileID: 0}
  m_PrefabInternal: {fileID: 100100000}
  m_GameObject: {fileID: 1753119995223448}
  m_LocalRotation: {x: -0, y: -0, z: -0, w: 1}
  m_LocalPosition: {x: 0, y: 0, z: -0.25}
  m_LocalScale: {x: 1, y: 1, z: 1}
  m_Children:
  - {fileID: 4858441683291304}
  - {fileID: 4399511645560482}
  - {fileID: 4361749756311530}
  - {fileID: 4342386084702544}
  m_Father: {fileID: 4173490388540814}
  m_RootOrder: 1
  m_LocalEulerAnglesHint: {x: 0, y: 0, z: 0}
--- !u!4 &4933794661237972
Transform:
  m_ObjectHideFlags: 1
  m_PrefabParentObject: {fileID: 0}
  m_PrefabInternal: {fileID: 100100000}
  m_GameObject: {fileID: 1489911257580368}
  m_LocalRotation: {x: -0, y: -0, z: -0, w: 1}
  m_LocalPosition: {x: 0, y: 0, z: 0}
  m_LocalScale: {x: 1, y: 1, z: 1}
  m_Children: []
  m_Father: {fileID: 4769553357098948}
  m_RootOrder: 1
  m_LocalEulerAnglesHint: {x: 0, y: 0, z: 0}
--- !u!4 &4953724719989124
Transform:
  m_ObjectHideFlags: 1
  m_PrefabParentObject: {fileID: 0}
  m_PrefabInternal: {fileID: 100100000}
  m_GameObject: {fileID: 1027364995971706}
  m_LocalRotation: {x: -0, y: -0, z: -0, w: 1}
  m_LocalPosition: {x: 0, y: 0, z: 0}
  m_LocalScale: {x: 1, y: 1, z: 1}
  m_Children: []
  m_Father: {fileID: 4994803710966146}
  m_RootOrder: 1
  m_LocalEulerAnglesHint: {x: 0, y: 0, z: 0}
--- !u!4 &4969512673897558
Transform:
  m_ObjectHideFlags: 1
  m_PrefabParentObject: {fileID: 0}
  m_PrefabInternal: {fileID: 100100000}
  m_GameObject: {fileID: 1625057081604384}
  m_LocalRotation: {x: -0, y: -0, z: -0, w: 1}
  m_LocalPosition: {x: 0, y: 0, z: 0}
  m_LocalScale: {x: 1, y: 1, z: 1}
  m_Children: []
  m_Father: {fileID: 4116998185972184}
  m_RootOrder: 1
  m_LocalEulerAnglesHint: {x: 0, y: 0, z: 0}
--- !u!4 &4971654681601282
Transform:
  m_ObjectHideFlags: 1
  m_PrefabParentObject: {fileID: 0}
  m_PrefabInternal: {fileID: 100100000}
  m_GameObject: {fileID: 1951844259268696}
  m_LocalRotation: {x: -0, y: -0, z: -0, w: 1}
  m_LocalPosition: {x: 0, y: 0, z: 0}
  m_LocalScale: {x: 1, y: 1, z: 1}
  m_Children: []
  m_Father: {fileID: 4556337158638912}
  m_RootOrder: 2
  m_LocalEulerAnglesHint: {x: 0, y: 0, z: 0}
--- !u!4 &4990448597203030
Transform:
  m_ObjectHideFlags: 1
  m_PrefabParentObject: {fileID: 0}
  m_PrefabInternal: {fileID: 100100000}
  m_GameObject: {fileID: 1752985463822340}
  m_LocalRotation: {x: -0, y: -0, z: -0, w: 1}
  m_LocalPosition: {x: 0, y: 0, z: 0}
  m_LocalScale: {x: 1, y: 1, z: 1}
  m_Children: []
  m_Father: {fileID: 4189599156890760}
  m_RootOrder: 1
  m_LocalEulerAnglesHint: {x: 0, y: 0, z: 0}
--- !u!4 &4994803710966146
Transform:
  m_ObjectHideFlags: 1
  m_PrefabParentObject: {fileID: 0}
  m_PrefabInternal: {fileID: 100100000}
  m_GameObject: {fileID: 1346117748053464}
  m_LocalRotation: {x: -0, y: -0, z: -0, w: 1}
  m_LocalPosition: {x: 0, y: 0, z: -0.4375}
  m_LocalScale: {x: 1, y: 1, z: 1}
  m_Children:
  - {fileID: 4815615042267780}
  - {fileID: 4953724719989124}
  m_Father: {fileID: 4719940718916254}
  m_RootOrder: 7
  m_LocalEulerAnglesHint: {x: 0, y: 0, z: 0}
--- !u!23 &23112582154920560
MeshRenderer:
  m_ObjectHideFlags: 1
  m_PrefabParentObject: {fileID: 0}
  m_PrefabInternal: {fileID: 100100000}
  m_GameObject: {fileID: 1063789263457008}
  m_Enabled: 1
  m_CastShadows: 0
  m_ReceiveShadows: 0
  m_DynamicOccludee: 1
  m_MotionVectors: 1
  m_LightProbeUsage: 0
  m_ReflectionProbeUsage: 0
  m_Materials:
  - {fileID: 2100000, guid: 504526939c6ce52499706be47b7ab7da, type: 2}
  m_StaticBatchInfo:
    firstSubMesh: 0
    subMeshCount: 0
  m_StaticBatchRoot: {fileID: 0}
  m_ProbeAnchor: {fileID: 0}
  m_LightProbeVolumeOverride: {fileID: 0}
  m_ScaleInLightmap: 1
  m_PreserveUVs: 0
  m_IgnoreNormalsForChartDetection: 0
  m_ImportantGI: 0
  m_StitchLightmapSeams: 0
  m_SelectedEditorRenderState: 3
  m_MinimumChartSize: 4
  m_AutoUVMaxDistance: 0.5
  m_AutoUVMaxAngle: 89
  m_LightmapParameters: {fileID: 0}
  m_SortingLayerID: 0
  m_SortingLayer: 0
  m_SortingOrder: 3
--- !u!23 &23021390331633564
MeshRenderer:
  m_ObjectHideFlags: 1
  m_PrefabParentObject: {fileID: 0}
  m_PrefabInternal: {fileID: 100100000}
  m_GameObject: {fileID: 1438398699631910}
  m_Enabled: 1
  m_CastShadows: 0
  m_ReceiveShadows: 0
  m_DynamicOccludee: 1
  m_MotionVectors: 1
  m_LightProbeUsage: 0
  m_ReflectionProbeUsage: 0
  m_Materials:
  - {fileID: 2100000, guid: f65e1dd33a057c24cb9d7402a8f1a6cf, type: 2}
  m_StaticBatchInfo:
    firstSubMesh: 0
    subMeshCount: 0
  m_StaticBatchRoot: {fileID: 0}
  m_ProbeAnchor: {fileID: 0}
  m_LightProbeVolumeOverride: {fileID: 0}
  m_ScaleInLightmap: 1
  m_PreserveUVs: 0
  m_IgnoreNormalsForChartDetection: 0
  m_ImportantGI: 0
  m_StitchLightmapSeams: 0
  m_SelectedEditorRenderState: 3
  m_MinimumChartSize: 4
  m_AutoUVMaxDistance: 0.5
  m_AutoUVMaxAngle: 89
  m_LightmapParameters: {fileID: 0}
  m_SortingLayerID: 0
  m_SortingLayer: 0
  m_SortingOrder: 2
--- !u!23 &23081400832798052
MeshRenderer:
  m_ObjectHideFlags: 1
  m_PrefabParentObject: {fileID: 0}
  m_PrefabInternal: {fileID: 100100000}
  m_GameObject: {fileID: 1406121771609866}
  m_Enabled: 1
  m_CastShadows: 0
  m_ReceiveShadows: 0
  m_DynamicOccludee: 1
  m_MotionVectors: 1
  m_LightProbeUsage: 0
  m_ReflectionProbeUsage: 0
  m_Materials:
  - {fileID: 2100000, guid: f65e1dd33a057c24cb9d7402a8f1a6cf, type: 2}
  m_StaticBatchInfo:
    firstSubMesh: 0
    subMeshCount: 0
  m_StaticBatchRoot: {fileID: 0}
  m_ProbeAnchor: {fileID: 0}
  m_LightProbeVolumeOverride: {fileID: 0}
  m_ScaleInLightmap: 1
  m_PreserveUVs: 0
  m_IgnoreNormalsForChartDetection: 0
  m_ImportantGI: 0
  m_StitchLightmapSeams: 0
  m_SelectedEditorRenderState: 3
  m_MinimumChartSize: 4
  m_AutoUVMaxDistance: 0.5
  m_AutoUVMaxAngle: 89
  m_LightmapParameters: {fileID: 0}
  m_SortingLayerID: 0
  m_SortingLayer: 0
  m_SortingOrder: 6
--- !u!23 &23175055398415066
MeshRenderer:
  m_ObjectHideFlags: 1
  m_PrefabParentObject: {fileID: 0}
  m_PrefabInternal: {fileID: 100100000}
  m_GameObject: {fileID: 1596757049516872}
  m_Enabled: 1
  m_CastShadows: 0
  m_ReceiveShadows: 0
  m_DynamicOccludee: 1
  m_MotionVectors: 1
  m_LightProbeUsage: 0
  m_ReflectionProbeUsage: 0
  m_Materials:
  - {fileID: 2100000, guid: f65e1dd33a057c24cb9d7402a8f1a6cf, type: 2}
  m_StaticBatchInfo:
    firstSubMesh: 0
    subMeshCount: 0
  m_StaticBatchRoot: {fileID: 0}
  m_ProbeAnchor: {fileID: 0}
  m_LightProbeVolumeOverride: {fileID: 0}
  m_ScaleInLightmap: 1
  m_PreserveUVs: 0
  m_IgnoreNormalsForChartDetection: 0
  m_ImportantGI: 0
  m_StitchLightmapSeams: 0
  m_SelectedEditorRenderState: 3
  m_MinimumChartSize: 4
  m_AutoUVMaxDistance: 0.5
  m_AutoUVMaxAngle: 89
  m_LightmapParameters: {fileID: 0}
  m_SortingLayerID: 0
  m_SortingLayer: 0
  m_SortingOrder: 5
--- !u!23 &23182322401365562
MeshRenderer:
  m_ObjectHideFlags: 1
  m_PrefabParentObject: {fileID: 0}
  m_PrefabInternal: {fileID: 100100000}
  m_GameObject: {fileID: 1273611784411282}
  m_Enabled: 1
  m_CastShadows: 0
  m_ReceiveShadows: 0
  m_DynamicOccludee: 1
  m_MotionVectors: 1
  m_LightProbeUsage: 0
  m_ReflectionProbeUsage: 0
  m_Materials:
  - {fileID: 2100000, guid: 1ac944e29b6583743a6bca6949049fd8, type: 2}
  m_StaticBatchInfo:
    firstSubMesh: 0
    subMeshCount: 0
  m_StaticBatchRoot: {fileID: 0}
  m_ProbeAnchor: {fileID: 0}
  m_LightProbeVolumeOverride: {fileID: 0}
  m_ScaleInLightmap: 1
  m_PreserveUVs: 0
  m_IgnoreNormalsForChartDetection: 0
  m_ImportantGI: 0
  m_StitchLightmapSeams: 0
  m_SelectedEditorRenderState: 3
  m_MinimumChartSize: 4
  m_AutoUVMaxDistance: 0.5
  m_AutoUVMaxAngle: 89
  m_LightmapParameters: {fileID: 0}
  m_SortingLayerID: 0
  m_SortingLayer: 0
  m_SortingOrder: 1
--- !u!23 &23208718118040512
MeshRenderer:
  m_ObjectHideFlags: 1
  m_PrefabParentObject: {fileID: 0}
  m_PrefabInternal: {fileID: 100100000}
  m_GameObject: {fileID: 1004969570815178}
  m_Enabled: 1
  m_CastShadows: 0
  m_ReceiveShadows: 0
  m_DynamicOccludee: 1
  m_MotionVectors: 1
  m_LightProbeUsage: 0
  m_ReflectionProbeUsage: 0
  m_Materials:
  - {fileID: 2100000, guid: f65e1dd33a057c24cb9d7402a8f1a6cf, type: 2}
  m_StaticBatchInfo:
    firstSubMesh: 0
    subMeshCount: 0
  m_StaticBatchRoot: {fileID: 0}
  m_ProbeAnchor: {fileID: 0}
  m_LightProbeVolumeOverride: {fileID: 0}
  m_ScaleInLightmap: 1
  m_PreserveUVs: 0
  m_IgnoreNormalsForChartDetection: 0
  m_ImportantGI: 0
  m_StitchLightmapSeams: 0
  m_SelectedEditorRenderState: 3
  m_MinimumChartSize: 4
  m_AutoUVMaxDistance: 0.5
  m_AutoUVMaxAngle: 89
  m_LightmapParameters: {fileID: 0}
  m_SortingLayerID: 0
  m_SortingLayer: 0
  m_SortingOrder: 9
--- !u!23 &23213980349368456
MeshRenderer:
  m_ObjectHideFlags: 1
  m_PrefabParentObject: {fileID: 0}
  m_PrefabInternal: {fileID: 100100000}
  m_GameObject: {fileID: 1627785148510726}
  m_Enabled: 1
  m_CastShadows: 0
  m_ReceiveShadows: 0
  m_DynamicOccludee: 1
  m_MotionVectors: 1
  m_LightProbeUsage: 0
  m_ReflectionProbeUsage: 0
  m_Materials:
  - {fileID: 2100000, guid: f65e1dd33a057c24cb9d7402a8f1a6cf, type: 2}
  m_StaticBatchInfo:
    firstSubMesh: 0
    subMeshCount: 0
  m_StaticBatchRoot: {fileID: 0}
  m_ProbeAnchor: {fileID: 0}
  m_LightProbeVolumeOverride: {fileID: 0}
  m_ScaleInLightmap: 1
  m_PreserveUVs: 0
  m_IgnoreNormalsForChartDetection: 0
  m_ImportantGI: 0
  m_StitchLightmapSeams: 0
  m_SelectedEditorRenderState: 3
  m_MinimumChartSize: 4
  m_AutoUVMaxDistance: 0.5
  m_AutoUVMaxAngle: 89
  m_LightmapParameters: {fileID: 0}
  m_SortingLayerID: 0
  m_SortingLayer: 0
  m_SortingOrder: 4
--- !u!23 &23260120077079504
MeshRenderer:
  m_ObjectHideFlags: 1
  m_PrefabParentObject: {fileID: 0}
  m_PrefabInternal: {fileID: 100100000}
  m_GameObject: {fileID: 1267515197536094}
  m_Enabled: 1
  m_CastShadows: 0
  m_ReceiveShadows: 0
  m_DynamicOccludee: 1
  m_MotionVectors: 1
  m_LightProbeUsage: 0
  m_ReflectionProbeUsage: 0
  m_Materials:
  - {fileID: 2100000, guid: f65e1dd33a057c24cb9d7402a8f1a6cf, type: 2}
  m_StaticBatchInfo:
    firstSubMesh: 0
    subMeshCount: 0
  m_StaticBatchRoot: {fileID: 0}
  m_ProbeAnchor: {fileID: 0}
  m_LightProbeVolumeOverride: {fileID: 0}
  m_ScaleInLightmap: 1
  m_PreserveUVs: 0
  m_IgnoreNormalsForChartDetection: 0
  m_ImportantGI: 0
  m_StitchLightmapSeams: 0
  m_SelectedEditorRenderState: 3
  m_MinimumChartSize: 4
  m_AutoUVMaxDistance: 0.5
  m_AutoUVMaxAngle: 89
  m_LightmapParameters: {fileID: 0}
  m_SortingLayerID: 0
  m_SortingLayer: 0
  m_SortingOrder: 6
--- !u!23 &23336180413429476
MeshRenderer:
  m_ObjectHideFlags: 1
  m_PrefabParentObject: {fileID: 0}
  m_PrefabInternal: {fileID: 100100000}
  m_GameObject: {fileID: 1280376127599696}
  m_Enabled: 1
  m_CastShadows: 0
  m_ReceiveShadows: 0
  m_DynamicOccludee: 1
  m_MotionVectors: 1
  m_LightProbeUsage: 0
  m_ReflectionProbeUsage: 0
  m_Materials:
  - {fileID: 2100000, guid: 504526939c6ce52499706be47b7ab7da, type: 2}
  m_StaticBatchInfo:
    firstSubMesh: 0
    subMeshCount: 0
  m_StaticBatchRoot: {fileID: 0}
  m_ProbeAnchor: {fileID: 0}
  m_LightProbeVolumeOverride: {fileID: 0}
  m_ScaleInLightmap: 1
  m_PreserveUVs: 0
  m_IgnoreNormalsForChartDetection: 0
  m_ImportantGI: 0
  m_StitchLightmapSeams: 0
  m_SelectedEditorRenderState: 3
  m_MinimumChartSize: 4
  m_AutoUVMaxDistance: 0.5
  m_AutoUVMaxAngle: 89
  m_LightmapParameters: {fileID: 0}
  m_SortingLayerID: 0
  m_SortingLayer: 0
  m_SortingOrder: 7
--- !u!23 &23221319625136974
MeshRenderer:
  m_ObjectHideFlags: 1
  m_PrefabParentObject: {fileID: 0}
  m_PrefabInternal: {fileID: 100100000}
  m_GameObject: {fileID: 1649576562577042}
  m_Enabled: 1
  m_CastShadows: 0
  m_ReceiveShadows: 0
  m_DynamicOccludee: 1
  m_MotionVectors: 1
  m_LightProbeUsage: 0
  m_ReflectionProbeUsage: 0
  m_Materials:
  - {fileID: 2100000, guid: f65e1dd33a057c24cb9d7402a8f1a6cf, type: 2}
  m_StaticBatchInfo:
    firstSubMesh: 0
    subMeshCount: 0
  m_StaticBatchRoot: {fileID: 0}
  m_ProbeAnchor: {fileID: 0}
  m_LightProbeVolumeOverride: {fileID: 0}
  m_ScaleInLightmap: 1
  m_PreserveUVs: 0
  m_IgnoreNormalsForChartDetection: 0
  m_ImportantGI: 0
  m_StitchLightmapSeams: 0
  m_SelectedEditorRenderState: 3
  m_MinimumChartSize: 4
  m_AutoUVMaxDistance: 0.5
  m_AutoUVMaxAngle: 89
  m_LightmapParameters: {fileID: 0}
  m_SortingLayerID: 0
  m_SortingLayer: 0
  m_SortingOrder: 0
--- !u!23 &23224083242823016
MeshRenderer:
  m_ObjectHideFlags: 1
  m_PrefabParentObject: {fileID: 0}
  m_PrefabInternal: {fileID: 100100000}
  m_GameObject: {fileID: 1048219473216454}
  m_Enabled: 1
  m_CastShadows: 0
  m_ReceiveShadows: 0
  m_DynamicOccludee: 1
  m_MotionVectors: 1
  m_LightProbeUsage: 0
  m_ReflectionProbeUsage: 0
  m_Materials:
  - {fileID: 2100000, guid: 504526939c6ce52499706be47b7ab7da, type: 2}
  m_StaticBatchInfo:
    firstSubMesh: 0
    subMeshCount: 0
  m_StaticBatchRoot: {fileID: 0}
  m_ProbeAnchor: {fileID: 0}
  m_LightProbeVolumeOverride: {fileID: 0}
  m_ScaleInLightmap: 1
  m_PreserveUVs: 0
  m_IgnoreNormalsForChartDetection: 0
  m_ImportantGI: 0
  m_StitchLightmapSeams: 0
  m_SelectedEditorRenderState: 3
  m_MinimumChartSize: 4
  m_AutoUVMaxDistance: 0.5
  m_AutoUVMaxAngle: 89
  m_LightmapParameters: {fileID: 0}
  m_SortingLayerID: 0
  m_SortingLayer: 0
  m_SortingOrder: 7
--- !u!23 &23335455069447598
MeshRenderer:
  m_ObjectHideFlags: 1
  m_PrefabParentObject: {fileID: 0}
  m_PrefabInternal: {fileID: 100100000}
  m_GameObject: {fileID: 1920616461379326}
  m_Enabled: 1
  m_CastShadows: 0
  m_ReceiveShadows: 0
  m_DynamicOccludee: 1
  m_MotionVectors: 1
  m_LightProbeUsage: 0
  m_ReflectionProbeUsage: 0
  m_Materials:
  - {fileID: 2100000, guid: 504526939c6ce52499706be47b7ab7da, type: 2}
  m_StaticBatchInfo:
    firstSubMesh: 0
    subMeshCount: 0
  m_StaticBatchRoot: {fileID: 0}
  m_ProbeAnchor: {fileID: 0}
  m_LightProbeVolumeOverride: {fileID: 0}
  m_ScaleInLightmap: 1
  m_PreserveUVs: 0
  m_IgnoreNormalsForChartDetection: 0
  m_ImportantGI: 0
  m_StitchLightmapSeams: 0
  m_SelectedEditorRenderState: 3
  m_MinimumChartSize: 4
  m_AutoUVMaxDistance: 0.5
  m_AutoUVMaxAngle: 89
  m_LightmapParameters: {fileID: 0}
  m_SortingLayerID: 0
  m_SortingLayer: 0
  m_SortingOrder: 3
--- !u!23 &23390827372033318
MeshRenderer:
  m_ObjectHideFlags: 1
  m_PrefabParentObject: {fileID: 0}
  m_PrefabInternal: {fileID: 100100000}
  m_GameObject: {fileID: 1531648039856266}
  m_Enabled: 1
  m_CastShadows: 0
  m_ReceiveShadows: 0
  m_DynamicOccludee: 1
  m_MotionVectors: 1
  m_LightProbeUsage: 0
  m_ReflectionProbeUsage: 0
  m_Materials:
  - {fileID: 2100000, guid: e8b7a085de9e0864db3af2a234e017e6, type: 2}
  m_StaticBatchInfo:
    firstSubMesh: 0
    subMeshCount: 0
  m_StaticBatchRoot: {fileID: 0}
  m_ProbeAnchor: {fileID: 0}
  m_LightProbeVolumeOverride: {fileID: 0}
  m_ScaleInLightmap: 1
  m_PreserveUVs: 0
  m_IgnoreNormalsForChartDetection: 0
  m_ImportantGI: 0
  m_StitchLightmapSeams: 0
  m_SelectedEditorRenderState: 3
  m_MinimumChartSize: 4
  m_AutoUVMaxDistance: 0.5
  m_AutoUVMaxAngle: 89
  m_LightmapParameters: {fileID: 0}
  m_SortingLayerID: 0
  m_SortingLayer: 0
  m_SortingOrder: 0
--- !u!23 &23637764763123546
MeshRenderer:
  m_ObjectHideFlags: 1
  m_PrefabParentObject: {fileID: 0}
  m_PrefabInternal: {fileID: 100100000}
  m_GameObject: {fileID: 1073213814206042}
  m_Enabled: 1
  m_CastShadows: 0
  m_ReceiveShadows: 0
  m_DynamicOccludee: 1
  m_MotionVectors: 1
  m_LightProbeUsage: 0
  m_ReflectionProbeUsage: 0
  m_Materials:
  - {fileID: 2100000, guid: f65e1dd33a057c24cb9d7402a8f1a6cf, type: 2}
  m_StaticBatchInfo:
    firstSubMesh: 0
    subMeshCount: 0
  m_StaticBatchRoot: {fileID: 0}
  m_ProbeAnchor: {fileID: 0}
  m_LightProbeVolumeOverride: {fileID: 0}
  m_ScaleInLightmap: 1
  m_PreserveUVs: 0
  m_IgnoreNormalsForChartDetection: 0
  m_ImportantGI: 0
  m_StitchLightmapSeams: 0
  m_SelectedEditorRenderState: 3
  m_MinimumChartSize: 4
  m_AutoUVMaxDistance: 0.5
  m_AutoUVMaxAngle: 89
  m_LightmapParameters: {fileID: 0}
  m_SortingLayerID: 0
  m_SortingLayer: 0
  m_SortingOrder: 8
--- !u!23 &23713694724958556
MeshRenderer:
  m_ObjectHideFlags: 1
  m_PrefabParentObject: {fileID: 0}
  m_PrefabInternal: {fileID: 100100000}
  m_GameObject: {fileID: 1968111677290042}
  m_Enabled: 1
  m_CastShadows: 0
  m_ReceiveShadows: 0
  m_DynamicOccludee: 1
  m_MotionVectors: 1
  m_LightProbeUsage: 0
  m_ReflectionProbeUsage: 0
  m_Materials:
  - {fileID: 2100000, guid: f65e1dd33a057c24cb9d7402a8f1a6cf, type: 2}
  m_StaticBatchInfo:
    firstSubMesh: 0
    subMeshCount: 0
  m_StaticBatchRoot: {fileID: 0}
  m_ProbeAnchor: {fileID: 0}
  m_LightProbeVolumeOverride: {fileID: 0}
  m_ScaleInLightmap: 1
  m_PreserveUVs: 0
  m_IgnoreNormalsForChartDetection: 0
  m_ImportantGI: 0
  m_StitchLightmapSeams: 0
  m_SelectedEditorRenderState: 3
  m_MinimumChartSize: 4
  m_AutoUVMaxDistance: 0.5
  m_AutoUVMaxAngle: 89
  m_LightmapParameters: {fileID: 0}
  m_SortingLayerID: 0
  m_SortingLayer: 0
  m_SortingOrder: 2
--- !u!23 &23448448357705426
MeshRenderer:
  m_ObjectHideFlags: 1
  m_PrefabParentObject: {fileID: 0}
  m_PrefabInternal: {fileID: 100100000}
  m_GameObject: {fileID: 1175826110912718}
  m_Enabled: 1
  m_CastShadows: 0
  m_ReceiveShadows: 0
  m_DynamicOccludee: 1
  m_MotionVectors: 1
  m_LightProbeUsage: 0
  m_ReflectionProbeUsage: 0
  m_Materials:
  - {fileID: 2100000, guid: f65e1dd33a057c24cb9d7402a8f1a6cf, type: 2}
  m_StaticBatchInfo:
    firstSubMesh: 0
    subMeshCount: 0
  m_StaticBatchRoot: {fileID: 0}
  m_ProbeAnchor: {fileID: 0}
  m_LightProbeVolumeOverride: {fileID: 0}
  m_ScaleInLightmap: 1
  m_PreserveUVs: 0
  m_IgnoreNormalsForChartDetection: 0
  m_ImportantGI: 0
  m_StitchLightmapSeams: 0
  m_SelectedEditorRenderState: 3
  m_MinimumChartSize: 4
  m_AutoUVMaxDistance: 0.5
  m_AutoUVMaxAngle: 89
  m_LightmapParameters: {fileID: 0}
  m_SortingLayerID: 0
  m_SortingLayer: 0
  m_SortingOrder: 8
--- !u!23 &23721823073410626
MeshRenderer:
  m_ObjectHideFlags: 1
  m_PrefabParentObject: {fileID: 0}
  m_PrefabInternal: {fileID: 100100000}
  m_GameObject: {fileID: 1148797721335708}
  m_Enabled: 1
  m_CastShadows: 0
  m_ReceiveShadows: 0
  m_DynamicOccludee: 1
  m_MotionVectors: 1
  m_LightProbeUsage: 0
  m_ReflectionProbeUsage: 0
  m_Materials:
  - {fileID: 2100000, guid: 504526939c6ce52499706be47b7ab7da, type: 2}
  m_StaticBatchInfo:
    firstSubMesh: 0
    subMeshCount: 0
  m_StaticBatchRoot: {fileID: 0}
  m_ProbeAnchor: {fileID: 0}
  m_LightProbeVolumeOverride: {fileID: 0}
  m_ScaleInLightmap: 1
  m_PreserveUVs: 0
  m_IgnoreNormalsForChartDetection: 0
  m_ImportantGI: 0
  m_StitchLightmapSeams: 0
  m_SelectedEditorRenderState: 3
  m_MinimumChartSize: 4
  m_AutoUVMaxDistance: 0.5
  m_AutoUVMaxAngle: 89
  m_LightmapParameters: {fileID: 0}
  m_SortingLayerID: 0
  m_SortingLayer: 0
  m_SortingOrder: 8
--- !u!23 &23790168876517244
MeshRenderer:
  m_ObjectHideFlags: 1
  m_PrefabParentObject: {fileID: 0}
  m_PrefabInternal: {fileID: 100100000}
  m_GameObject: {fileID: 1711852945451228}
  m_Enabled: 1
  m_CastShadows: 0
  m_ReceiveShadows: 0
  m_DynamicOccludee: 1
  m_MotionVectors: 1
  m_LightProbeUsage: 0
  m_ReflectionProbeUsage: 0
  m_Materials:
  - {fileID: 2100000, guid: f65e1dd33a057c24cb9d7402a8f1a6cf, type: 2}
  m_StaticBatchInfo:
    firstSubMesh: 0
    subMeshCount: 0
  m_StaticBatchRoot: {fileID: 0}
  m_ProbeAnchor: {fileID: 0}
  m_LightProbeVolumeOverride: {fileID: 0}
  m_ScaleInLightmap: 1
  m_PreserveUVs: 0
  m_IgnoreNormalsForChartDetection: 0
  m_ImportantGI: 0
  m_StitchLightmapSeams: 0
  m_SelectedEditorRenderState: 3
  m_MinimumChartSize: 4
  m_AutoUVMaxDistance: 0.5
  m_AutoUVMaxAngle: 89
  m_LightmapParameters: {fileID: 0}
  m_SortingLayerID: 0
  m_SortingLayer: 0
  m_SortingOrder: 0
--- !u!23 &23754201770836956
MeshRenderer:
  m_ObjectHideFlags: 1
  m_PrefabParentObject: {fileID: 0}
  m_PrefabInternal: {fileID: 100100000}
  m_GameObject: {fileID: 1875500673715908}
  m_Enabled: 1
  m_CastShadows: 0
  m_ReceiveShadows: 0
  m_DynamicOccludee: 1
  m_MotionVectors: 1
  m_LightProbeUsage: 0
  m_ReflectionProbeUsage: 0
  m_Materials:
  - {fileID: 2100000, guid: f65e1dd33a057c24cb9d7402a8f1a6cf, type: 2}
  m_StaticBatchInfo:
    firstSubMesh: 0
    subMeshCount: 0
  m_StaticBatchRoot: {fileID: 0}
  m_ProbeAnchor: {fileID: 0}
  m_LightProbeVolumeOverride: {fileID: 0}
  m_ScaleInLightmap: 1
  m_PreserveUVs: 0
  m_IgnoreNormalsForChartDetection: 0
  m_ImportantGI: 0
  m_StitchLightmapSeams: 0
  m_SelectedEditorRenderState: 3
  m_MinimumChartSize: 4
  m_AutoUVMaxDistance: 0.5
  m_AutoUVMaxAngle: 89
  m_LightmapParameters: {fileID: 0}
  m_SortingLayerID: 0
  m_SortingLayer: 0
  m_SortingOrder: 4
--- !u!23 &23933967949914002
MeshRenderer:
  m_ObjectHideFlags: 1
  m_PrefabParentObject: {fileID: 0}
  m_PrefabInternal: {fileID: 100100000}
  m_GameObject: {fileID: 1951844259268696}
  m_Enabled: 1
  m_CastShadows: 0
  m_ReceiveShadows: 0
  m_DynamicOccludee: 1
  m_MotionVectors: 1
  m_LightProbeUsage: 0
  m_ReflectionProbeUsage: 0
  m_Materials:
  - {fileID: 2100000, guid: 134d6dd59167b304889a4336399d73b3, type: 2}
  m_StaticBatchInfo:
    firstSubMesh: 0
    subMeshCount: 0
  m_StaticBatchRoot: {fileID: 0}
  m_ProbeAnchor: {fileID: 0}
  m_LightProbeVolumeOverride: {fileID: 0}
  m_ScaleInLightmap: 1
  m_PreserveUVs: 0
  m_IgnoreNormalsForChartDetection: 0
  m_ImportantGI: 0
  m_StitchLightmapSeams: 0
  m_SelectedEditorRenderState: 3
  m_MinimumChartSize: 4
  m_AutoUVMaxDistance: 0.5
  m_AutoUVMaxAngle: 89
  m_LightmapParameters: {fileID: 0}
  m_SortingLayerID: 0
  m_SortingLayer: 0
  m_SortingOrder: 8
--- !u!23 &23981766304133402
MeshRenderer:
  m_ObjectHideFlags: 1
  m_PrefabParentObject: {fileID: 0}
  m_PrefabInternal: {fileID: 100100000}
  m_GameObject: {fileID: 1694851164439910}
  m_Enabled: 1
  m_CastShadows: 0
  m_ReceiveShadows: 0
  m_DynamicOccludee: 1
  m_MotionVectors: 1
  m_LightProbeUsage: 0
  m_ReflectionProbeUsage: 0
  m_Materials:
  - {fileID: 2100000, guid: f65e1dd33a057c24cb9d7402a8f1a6cf, type: 2}
  m_StaticBatchInfo:
    firstSubMesh: 0
    subMeshCount: 0
  m_StaticBatchRoot: {fileID: 0}
  m_ProbeAnchor: {fileID: 0}
  m_LightProbeVolumeOverride: {fileID: 0}
  m_ScaleInLightmap: 1
  m_PreserveUVs: 0
  m_IgnoreNormalsForChartDetection: 0
  m_ImportantGI: 0
  m_StitchLightmapSeams: 0
  m_SelectedEditorRenderState: 3
  m_MinimumChartSize: 4
  m_AutoUVMaxDistance: 0.5
  m_AutoUVMaxAngle: 89
  m_LightmapParameters: {fileID: 0}
  m_SortingLayerID: 0
  m_SortingLayer: 0
  m_SortingOrder: 5
--- !u!33 &33013677790327094
MeshFilter:
  m_ObjectHideFlags: 1
  m_PrefabParentObject: {fileID: 0}
  m_PrefabInternal: {fileID: 100100000}
  m_GameObject: {fileID: 1148797721335708}
  m_Mesh: {fileID: 4300000, guid: c4165a1040919464593a6258760a0ff2, type: 3}
--- !u!33 &33066107396367978
MeshFilter:
  m_ObjectHideFlags: 1
  m_PrefabParentObject: {fileID: 0}
  m_PrefabInternal: {fileID: 100100000}
  m_GameObject: {fileID: 1627785148510726}
  m_Mesh: {fileID: 4300000, guid: 0830ed78f4c446846bea5e9292d5ad27, type: 3}
--- !u!33 &33120157578300064
MeshFilter:
  m_ObjectHideFlags: 1
  m_PrefabParentObject: {fileID: 0}
  m_PrefabInternal: {fileID: 100100000}
  m_GameObject: {fileID: 1280376127599696}
  m_Mesh: {fileID: 4300000, guid: 4861e452908600a44af3a101437b99be, type: 3}
--- !u!33 &33139975335329262
MeshFilter:
  m_ObjectHideFlags: 1
  m_PrefabParentObject: {fileID: 0}
  m_PrefabInternal: {fileID: 100100000}
  m_GameObject: {fileID: 1267515197536094}
  m_Mesh: {fileID: 4300000, guid: bf122cb087fb706429058a908490036b, type: 3}
--- !u!33 &33127904961488506
MeshFilter:
  m_ObjectHideFlags: 1
  m_PrefabParentObject: {fileID: 0}
  m_PrefabInternal: {fileID: 100100000}
  m_GameObject: {fileID: 1438398699631910}
  m_Mesh: {fileID: 4300000, guid: e645ea843094d114682361efe07ec69a, type: 3}
--- !u!33 &33157543656817760
MeshFilter:
  m_ObjectHideFlags: 1
  m_PrefabParentObject: {fileID: 0}
  m_PrefabInternal: {fileID: 100100000}
  m_GameObject: {fileID: 1875500673715908}
  m_Mesh: {fileID: 4300000, guid: 0830ed78f4c446846bea5e9292d5ad27, type: 3}
--- !u!33 &33172561238041506
MeshFilter:
  m_ObjectHideFlags: 1
  m_PrefabParentObject: {fileID: 0}
  m_PrefabInternal: {fileID: 100100000}
  m_GameObject: {fileID: 1951844259268696}
  m_Mesh: {fileID: 4300000, guid: 7ea8d311cc4ae6a459c8be8ce5738c1c, type: 3}
--- !u!33 &33181194272048782
MeshFilter:
  m_ObjectHideFlags: 1
  m_PrefabParentObject: {fileID: 0}
  m_PrefabInternal: {fileID: 100100000}
  m_GameObject: {fileID: 1531648039856266}
  m_Mesh: {fileID: 4300000, guid: 023477379d73d5146aa04de90867c0cf, type: 3}
--- !u!33 &33528765319014958
MeshFilter:
  m_ObjectHideFlags: 1
  m_PrefabParentObject: {fileID: 0}
  m_PrefabInternal: {fileID: 100100000}
  m_GameObject: {fileID: 1063789263457008}
  m_Mesh: {fileID: 4300000, guid: 72ec921ef3496b548895d238a3495a6a, type: 3}
--- !u!33 &33578042530720018
MeshFilter:
  m_ObjectHideFlags: 1
  m_PrefabParentObject: {fileID: 0}
  m_PrefabInternal: {fileID: 100100000}
  m_GameObject: {fileID: 1711852945451228}
  m_Mesh: {fileID: 4300000, guid: 24b3e40cc638d3345b8d999c13fabfaa, type: 3}
--- !u!33 &33278623945204008
MeshFilter:
  m_ObjectHideFlags: 1
  m_PrefabParentObject: {fileID: 0}
  m_PrefabInternal: {fileID: 100100000}
  m_GameObject: {fileID: 1920616461379326}
  m_Mesh: {fileID: 4300000, guid: 72ec921ef3496b548895d238a3495a6a, type: 3}
--- !u!33 &33341148611096744
MeshFilter:
  m_ObjectHideFlags: 1
  m_PrefabParentObject: {fileID: 0}
  m_PrefabInternal: {fileID: 100100000}
  m_GameObject: {fileID: 1406121771609866}
  m_Mesh: {fileID: 4300000, guid: bf122cb087fb706429058a908490036b, type: 3}
--- !u!33 &33660438750640184
MeshFilter:
  m_ObjectHideFlags: 1
  m_PrefabParentObject: {fileID: 0}
  m_PrefabInternal: {fileID: 100100000}
  m_GameObject: {fileID: 1649576562577042}
  m_Mesh: {fileID: 4300000, guid: 24b3e40cc638d3345b8d999c13fabfaa, type: 3}
--- !u!33 &33714404814514260
MeshFilter:
  m_ObjectHideFlags: 1
  m_PrefabParentObject: {fileID: 0}
  m_PrefabInternal: {fileID: 100100000}
  m_GameObject: {fileID: 1175826110912718}
  m_Mesh: {fileID: 4300000, guid: 0c6b7049fe195cc439fd9994bf6bb884, type: 3}
--- !u!33 &33731486982164832
MeshFilter:
  m_ObjectHideFlags: 1
  m_PrefabParentObject: {fileID: 0}
  m_PrefabInternal: {fileID: 100100000}
  m_GameObject: {fileID: 1004969570815178}
  m_Mesh: {fileID: 4300000, guid: 993ccaf469546d94090182509a139671, type: 3}
--- !u!33 &33761530061772348
MeshFilter:
  m_ObjectHideFlags: 1
  m_PrefabParentObject: {fileID: 0}
  m_PrefabInternal: {fileID: 100100000}
  m_GameObject: {fileID: 1273611784411282}
  m_Mesh: {fileID: 4300000, guid: 82e77374e7903ca4da6c728ee42ef2e6, type: 3}
--- !u!33 &33872174337170084
MeshFilter:
  m_ObjectHideFlags: 1
  m_PrefabParentObject: {fileID: 0}
  m_PrefabInternal: {fileID: 100100000}
  m_GameObject: {fileID: 1968111677290042}
  m_Mesh: {fileID: 4300000, guid: e645ea843094d114682361efe07ec69a, type: 3}
--- !u!33 &33971970380236940
MeshFilter:
  m_ObjectHideFlags: 1
  m_PrefabParentObject: {fileID: 0}
  m_PrefabInternal: {fileID: 100100000}
  m_GameObject: {fileID: 1694851164439910}
  m_Mesh: {fileID: 4300000, guid: 440e015f9da59c24080538306c2841ba, type: 3}
--- !u!33 &33985046666796438
MeshFilter:
  m_ObjectHideFlags: 1
  m_PrefabParentObject: {fileID: 0}
  m_PrefabInternal: {fileID: 100100000}
  m_GameObject: {fileID: 1073213814206042}
  m_Mesh: {fileID: 4300000, guid: 0c6b7049fe195cc439fd9994bf6bb884, type: 3}
--- !u!60 &60107324791934878
PolygonCollider2D:
  m_ObjectHideFlags: 1
  m_PrefabParentObject: {fileID: 0}
  m_PrefabInternal: {fileID: 100100000}
  m_GameObject: {fileID: 1584180023642668}
  m_Enabled: 1
  m_Density: 1
  m_Material: {fileID: 0}
  m_IsTrigger: 0
  m_UsedByEffector: 0
  m_UsedByComposite: 0
  m_Offset: {x: 0, y: 0}
  m_SpriteTilingProperty:
    border: {x: 0, y: 0, z: 0, w: 0}
    pivot: {x: 0, y: 0}
    oldSize: {x: 0, y: 0}
    newSize: {x: 0, y: 0}
    adaptiveTilingThreshold: 0
    drawMode: 0
    adaptiveTiling: 0
  m_AutoTiling: 0
  m_Points:
    m_Paths:
    - - {x: 639, y: -388}
      - {x: 631, y: -388}
      - {x: 631, y: -384}
      - {x: 609, y: -383}
      - {x: 609, y: -398}
      - {x: 608, y: -399}
      - {x: 608, y: -414}
      - {x: 640, y: -415}
--- !u!60 &60114796223230278
PolygonCollider2D:
  m_ObjectHideFlags: 1
  m_PrefabParentObject: {fileID: 0}
  m_PrefabInternal: {fileID: 100100000}
  m_GameObject: {fileID: 1489911257580368}
  m_Enabled: 1
  m_Density: 1
  m_Material: {fileID: 0}
  m_IsTrigger: 0
  m_UsedByEffector: 0
  m_UsedByComposite: 0
  m_Offset: {x: 0, y: 0}
  m_SpriteTilingProperty:
    border: {x: 0, y: 0, z: 0, w: 0}
    pivot: {x: 0, y: 0}
    oldSize: {x: 0, y: 0}
    newSize: {x: 0, y: 0}
    adaptiveTilingThreshold: 0
    drawMode: 0
    adaptiveTiling: 0
  m_AutoTiling: 0
  m_Points:
    m_Paths:
    - - {x: 64, y: -96}
      - {x: 63, y: -96}
      - {x: 63, y: -159}
      - {x: 95, y: -159}
      - {x: 95, y: -160}
      - {x: 608, y: -160}
      - {x: 608, y: -159}
      - {x: 640, y: -159}
      - {x: 640, y: -128}
      - {x: 608, y: -128}
      - {x: 608, y: -127}
      - {x: 640, y: -127}
      - {x: 640, y: -64}
      - {x: 64, y: -64}
--- !u!60 &60313323212942992
PolygonCollider2D:
  m_ObjectHideFlags: 1
  m_PrefabParentObject: {fileID: 0}
  m_PrefabInternal: {fileID: 100100000}
  m_GameObject: {fileID: 1182443743316370}
  m_Enabled: 1
  m_Density: 1
  m_Material: {fileID: 0}
  m_IsTrigger: 0
  m_UsedByEffector: 0
  m_UsedByComposite: 0
  m_Offset: {x: 0, y: 0}
  m_SpriteTilingProperty:
    border: {x: 0, y: 0, z: 0, w: 0}
    pivot: {x: 0, y: 0}
    oldSize: {x: 0, y: 0}
    newSize: {x: 0, y: 0}
    adaptiveTilingThreshold: 0
    drawMode: 0
    adaptiveTiling: 0
  m_AutoTiling: 0
  m_Points:
    m_Paths:
    - - {x: 634, y: -160}
      - {x: 640, y: -160}
      - {x: 640, y: -139}
      - {x: 608, y: -139}
      - {x: 608, y: -140}
      - {x: 576, y: -140}
      - {x: 576, y: -159}
      - {x: 608, y: -159}
      - {x: 608, y: -160}
      - {x: 582, y: -160}
      - {x: 582, y: -179}
      - {x: 634, y: -179}
    - - {x: 186, y: -224}
      - {x: 192, y: -224}
      - {x: 192, y: -203}
      - {x: 160, y: -203}
      - {x: 160, y: -204}
      - {x: 128, y: -204}
      - {x: 128, y: -223}
      - {x: 160, y: -223}
      - {x: 160, y: -224}
      - {x: 134, y: -224}
      - {x: 134, y: -243}
      - {x: 186, y: -243}
    - - {x: 346, y: -224}
      - {x: 352, y: -224}
      - {x: 352, y: -203}
      - {x: 320, y: -203}
      - {x: 320, y: -204}
      - {x: 288, y: -204}
      - {x: 288, y: -223}
      - {x: 320, y: -223}
      - {x: 320, y: -224}
      - {x: 294, y: -224}
      - {x: 294, y: -243}
      - {x: 346, y: -243}
    - - {x: 506, y: -224}
      - {x: 512, y: -224}
      - {x: 512, y: -203}
      - {x: 480, y: -203}
      - {x: 480, y: -204}
      - {x: 448, y: -204}
      - {x: 448, y: -223}
      - {x: 480, y: -223}
      - {x: 480, y: -224}
      - {x: 454, y: -224}
      - {x: 454, y: -243}
      - {x: 506, y: -243}
    - - {x: 346, y: -384}
      - {x: 352, y: -384}
      - {x: 352, y: -363}
      - {x: 320, y: -363}
      - {x: 320, y: -364}
      - {x: 288, y: -364}
      - {x: 288, y: -383}
      - {x: 320, y: -383}
      - {x: 320, y: -384}
      - {x: 294, y: -384}
      - {x: 294, y: -403}
      - {x: 346, y: -403}
    - - {x: 506, y: -384}
      - {x: 512, y: -384}
      - {x: 512, y: -363}
      - {x: 480, y: -363}
      - {x: 480, y: -364}
      - {x: 448, y: -364}
      - {x: 448, y: -383}
      - {x: 480, y: -383}
      - {x: 480, y: -384}
      - {x: 454, y: -384}
      - {x: 454, y: -403}
      - {x: 506, y: -403}
    - - {x: 186, y: -384}
      - {x: 192, y: -384}
      - {x: 192, y: -363}
      - {x: 160, y: -363}
      - {x: 160, y: -364}
      - {x: 128, y: -364}
      - {x: 128, y: -383}
      - {x: 160, y: -383}
      - {x: 160, y: -384}
      - {x: 134, y: -384}
      - {x: 134, y: -403}
      - {x: 186, y: -403}
    - - {x: 640, y: -396}
      - {x: 576, y: -396}
      - {x: 576, y: -415}
      - {x: 607, y: -415}
      - {x: 607, y: -416}
      - {x: 582, y: -416}
      - {x: 582, y: -435}
      - {x: 640, y: -435}
--- !u!60 &60683606653517052
PolygonCollider2D:
  m_ObjectHideFlags: 1
  m_PrefabParentObject: {fileID: 0}
  m_PrefabInternal: {fileID: 100100000}
  m_GameObject: {fileID: 1752617158103684}
  m_Enabled: 1
  m_Density: 1
  m_Material: {fileID: 0}
  m_IsTrigger: 0
  m_UsedByEffector: 0
  m_UsedByComposite: 0
  m_Offset: {x: 0, y: 0}
  m_SpriteTilingProperty:
    border: {x: 0, y: 0, z: 0, w: 0}
    pivot: {x: 0, y: 0}
    oldSize: {x: 0, y: 0}
    newSize: {x: 0, y: 0}
    adaptiveTilingThreshold: 0
    drawMode: 0
    adaptiveTiling: 0
  m_AutoTiling: 0
  m_Points:
    m_Paths:
    - - {x: 71, y: -63}
      - {x: 63, y: -63}
      - {x: 63, y: -96}
      - {x: 71, y: -96}
    - - {x: 640, y: -64}
      - {x: 632, y: -64}
      - {x: 632, y: -95}
      - {x: 640, y: -95}
    - - {x: 640, y: -96}
      - {x: 632, y: -96}
      - {x: 632, y: -127}
      - {x: 640, y: -127}
    - - {x: 575, y: -106}
      - {x: 545, y: -106}
      - {x: 545, y: -127}
      - {x: 575, y: -127}
    - - {x: 607, y: -106}
      - {x: 577, y: -106}
      - {x: 577, y: -127}
      - {x: 607, y: -127}
    - - {x: 127, y: -106}
      - {x: 97, y: -106}
      - {x: 97, y: -127}
      - {x: 127, y: -127}
    - - {x: 640, y: -128}
      - {x: 632, y: -128}
      - {x: 632, y: -159}
      - {x: 640, y: -159}
    - - {x: 640, y: -160}
      - {x: 632, y: -160}
      - {x: 632, y: -191}
      - {x: 640, y: -191}
    - - {x: 640, y: -192}
      - {x: 632, y: -192}
      - {x: 632, y: -223}
      - {x: 640, y: -223}
    - - {x: 640, y: -224}
      - {x: 632, y: -224}
      - {x: 632, y: -255}
      - {x: 640, y: -255}
    - - {x: 640, y: -256}
      - {x: 632, y: -256}
      - {x: 632, y: -287}
      - {x: 640, y: -287}
    - - {x: 640, y: -288}
      - {x: 632, y: -288}
      - {x: 632, y: -319}
      - {x: 640, y: -319}
    - - {x: 640, y: -320}
      - {x: 632, y: -320}
      - {x: 632, y: -351}
      - {x: 640, y: -351}
    - - {x: 640, y: -352}
      - {x: 632, y: -352}
      - {x: 632, y: -383}
      - {x: 640, y: -383}
    - - {x: 640, y: -384}
      - {x: 632, y: -384}
      - {x: 632, y: -415}
      - {x: 640, y: -415}
    - - {x: 639, y: -447}
      - {x: 640, y: -447}
      - {x: 640, y: -416}
      - {x: 632, y: -416}
      - {x: 632, y: -447}
      - {x: 543, y: -447}
      - {x: 543, y: -448}
      - {x: 512, y: -448}
      - {x: 512, y: -455}
      - {x: 543, y: -455}
      - {x: 543, y: -456}
      - {x: 639, y: -456}
    - - {x: 71, y: -127}
      - {x: 95, y: -127}
      - {x: 95, y: -106}
      - {x: 65, y: -106}
      - {x: 65, y: -127}
      - {x: 63, y: -127}
      - {x: 63, y: -456}
      - {x: 511, y: -456}
      - {x: 511, y: -447}
      - {x: 71, y: -447}
--- !u!33 &33772835551327396
MeshFilter:
  m_ObjectHideFlags: 1
  m_PrefabParentObject: {fileID: 0}
  m_PrefabInternal: {fileID: 100100000}
  m_GameObject: {fileID: 1048219473216454}
  m_Mesh: {fileID: 4300000, guid: 4861e452908600a44af3a101437b99be, type: 3}
--- !u!33 &33898776975150314
MeshFilter:
  m_ObjectHideFlags: 1
  m_PrefabParentObject: {fileID: 0}
  m_PrefabInternal: {fileID: 100100000}
  m_GameObject: {fileID: 1596757049516872}
  m_Mesh: {fileID: 4300000, guid: 440e015f9da59c24080538306c2841ba, type: 3}
--- !u!60 &60101712926646846
PolygonCollider2D:
  m_ObjectHideFlags: 1
  m_PrefabParentObject: {fileID: 0}
  m_PrefabInternal: {fileID: 100100000}
  m_GameObject: {fileID: 1256584207775118}
  m_Enabled: 1
  m_Density: 1
  m_Material: {fileID: 0}
  m_IsTrigger: 0
  m_UsedByEffector: 0
  m_UsedByComposite: 0
  m_Offset: {x: 0, y: 0}
  m_SpriteTilingProperty:
    border: {x: 0, y: 0, z: 0, w: 0}
    pivot: {x: 0, y: 0}
    oldSize: {x: 0, y: 0}
    newSize: {x: 0, y: 0}
    adaptiveTilingThreshold: 0
    drawMode: 0
    adaptiveTiling: 0
  m_AutoTiling: 0
  m_Points:
    m_Paths:
    - - {x: 347, y: -203}
      - {x: 346, y: -203}
      - {x: 346, y: -201}
      - {x: 348, y: -199}
      - {x: 348, y: -196}
      - {x: 345, y: -192}
      - {x: 325, y: -191}
      - {x: 323, y: -196}
      - {x: 322, y: -199}
      - {x: 325, y: -201}
      - {x: 324, y: -204}
      - {x: 324, y: -216}
      - {x: 325, y: -224}
      - {x: 347, y: -224}
    - - {x: 475, y: -203}
      - {x: 474, y: -203}
      - {x: 474, y: -201}
      - {x: 476, y: -199}
      - {x: 476, y: -196}
      - {x: 473, y: -192}
      - {x: 453, y: -191}
      - {x: 451, y: -196}
      - {x: 450, y: -199}
      - {x: 453, y: -201}
      - {x: 452, y: -204}
      - {x: 452, y: -216}
      - {x: 453, y: -224}
      - {x: 475, y: -224}
    - - {x: 507, y: -203}
      - {x: 506, y: -203}
      - {x: 506, y: -201}
      - {x: 508, y: -199}
      - {x: 508, y: -196}
      - {x: 505, y: -192}
      - {x: 485, y: -191}
      - {x: 483, y: -196}
      - {x: 482, y: -199}
      - {x: 485, y: -201}
      - {x: 484, y: -204}
      - {x: 484, y: -216}
      - {x: 485, y: -224}
      - {x: 507, y: -224}
    - - {x: 155, y: -203}
      - {x: 154, y: -203}
      - {x: 154, y: -201}
      - {x: 156, y: -199}
      - {x: 156, y: -196}
      - {x: 153, y: -192}
      - {x: 133, y: -191}
      - {x: 131, y: -196}
      - {x: 130, y: -199}
      - {x: 133, y: -201}
      - {x: 132, y: -204}
      - {x: 132, y: -216}
      - {x: 133, y: -224}
      - {x: 155, y: -224}
    - - {x: 187, y: -203}
      - {x: 186, y: -203}
      - {x: 186, y: -201}
      - {x: 188, y: -199}
      - {x: 188, y: -196}
      - {x: 185, y: -192}
      - {x: 165, y: -191}
      - {x: 163, y: -196}
      - {x: 162, y: -199}
      - {x: 165, y: -201}
      - {x: 164, y: -204}
      - {x: 164, y: -216}
      - {x: 165, y: -224}
      - {x: 187, y: -224}
    - - {x: 315, y: -203}
      - {x: 314, y: -203}
      - {x: 314, y: -201}
      - {x: 316, y: -199}
      - {x: 316, y: -196}
      - {x: 313, y: -192}
      - {x: 293, y: -191}
      - {x: 291, y: -196}
      - {x: 290, y: -199}
      - {x: 293, y: -201}
      - {x: 292, y: -204}
      - {x: 292, y: -216}
      - {x: 293, y: -224}
      - {x: 315, y: -224}
    - - {x: 347, y: -363}
      - {x: 346, y: -363}
      - {x: 346, y: -361}
      - {x: 348, y: -359}
      - {x: 348, y: -356}
      - {x: 345, y: -352}
      - {x: 325, y: -351}
      - {x: 323, y: -356}
      - {x: 322, y: -359}
      - {x: 325, y: -361}
      - {x: 324, y: -364}
      - {x: 324, y: -376}
      - {x: 325, y: -384}
      - {x: 347, y: -384}
    - - {x: 475, y: -363}
      - {x: 474, y: -363}
      - {x: 474, y: -361}
      - {x: 476, y: -359}
      - {x: 476, y: -356}
      - {x: 473, y: -352}
      - {x: 453, y: -351}
      - {x: 451, y: -356}
      - {x: 450, y: -359}
      - {x: 453, y: -361}
      - {x: 452, y: -364}
      - {x: 452, y: -376}
      - {x: 453, y: -384}
      - {x: 475, y: -384}
    - - {x: 507, y: -363}
      - {x: 506, y: -363}
      - {x: 506, y: -361}
      - {x: 508, y: -359}
      - {x: 508, y: -356}
      - {x: 505, y: -352}
      - {x: 485, y: -351}
      - {x: 483, y: -356}
      - {x: 482, y: -359}
      - {x: 485, y: -361}
      - {x: 484, y: -364}
      - {x: 484, y: -376}
      - {x: 485, y: -384}
      - {x: 507, y: -384}
    - - {x: 155, y: -363}
      - {x: 154, y: -363}
      - {x: 154, y: -361}
      - {x: 156, y: -359}
      - {x: 156, y: -356}
      - {x: 153, y: -352}
      - {x: 133, y: -351}
      - {x: 131, y: -356}
      - {x: 130, y: -359}
      - {x: 133, y: -361}
      - {x: 132, y: -364}
      - {x: 132, y: -376}
      - {x: 133, y: -384}
      - {x: 155, y: -384}
    - - {x: 187, y: -363}
      - {x: 186, y: -363}
      - {x: 186, y: -361}
      - {x: 188, y: -359}
      - {x: 188, y: -356}
      - {x: 185, y: -352}
      - {x: 165, y: -351}
      - {x: 163, y: -356}
      - {x: 162, y: -359}
      - {x: 165, y: -361}
      - {x: 164, y: -364}
      - {x: 164, y: -376}
      - {x: 165, y: -384}
      - {x: 187, y: -384}
    - - {x: 315, y: -363}
      - {x: 314, y: -363}
      - {x: 314, y: -361}
      - {x: 316, y: -359}
      - {x: 316, y: -356}
      - {x: 313, y: -352}
      - {x: 293, y: -351}
      - {x: 291, y: -356}
      - {x: 290, y: -359}
      - {x: 293, y: -361}
      - {x: 292, y: -364}
      - {x: 292, y: -376}
      - {x: 293, y: -384}
      - {x: 315, y: -384}
--- !u!60 &60124276177079484
PolygonCollider2D:
  m_ObjectHideFlags: 1
  m_PrefabParentObject: {fileID: 0}
  m_PrefabInternal: {fileID: 100100000}
  m_GameObject: {fileID: 1752985463822340}
  m_Enabled: 1
  m_Density: 1
  m_Material: {fileID: 0}
  m_IsTrigger: 0
  m_UsedByEffector: 0
  m_UsedByComposite: 0
  m_Offset: {x: 0, y: 0}
  m_SpriteTilingProperty:
    border: {x: 0, y: 0, z: 0, w: 0}
    pivot: {x: 0, y: 0}
    oldSize: {x: 0, y: 0}
    newSize: {x: 0, y: 0}
    adaptiveTilingThreshold: 0
    drawMode: 0
    adaptiveTiling: 0
  m_AutoTiling: 0
  m_Points:
    m_Paths:
    - - {x: 639, y: -388}
      - {x: 631, y: -388}
      - {x: 631, y: -384}
      - {x: 609, y: -383}
      - {x: 609, y: -398}
      - {x: 608, y: -399}
      - {x: 608, y: -414}
      - {x: 640, y: -415}
--- !u!60 &60474954723936604
PolygonCollider2D:
  m_ObjectHideFlags: 1
  m_PrefabParentObject: {fileID: 0}
  m_PrefabInternal: {fileID: 100100000}
  m_GameObject: {fileID: 1625057081604384}
  m_Enabled: 1
  m_Density: 1
  m_Material: {fileID: 0}
  m_IsTrigger: 0
  m_UsedByEffector: 0
  m_UsedByComposite: 0
  m_Offset: {x: 0, y: 0}
  m_SpriteTilingProperty:
    border: {x: 0, y: 0, z: 0, w: 0}
    pivot: {x: 0, y: 0}
    oldSize: {x: 0, y: 0}
    newSize: {x: 0, y: 0}
    adaptiveTilingThreshold: 0
    drawMode: 0
    adaptiveTiling: 0
  m_AutoTiling: 0
  m_Points:
    m_Paths:
    - - {x: 349, y: -232}
      - {x: 323, y: -232}
      - {x: 323, y: -255}
      - {x: 349, y: -255}
    - - {x: 477, y: -232}
      - {x: 451, y: -232}
      - {x: 451, y: -255}
      - {x: 477, y: -255}
    - - {x: 509, y: -232}
      - {x: 483, y: -232}
      - {x: 483, y: -255}
      - {x: 509, y: -255}
    - - {x: 157, y: -232}
      - {x: 131, y: -232}
      - {x: 131, y: -255}
      - {x: 157, y: -255}
    - - {x: 189, y: -232}
      - {x: 163, y: -232}
      - {x: 163, y: -255}
      - {x: 189, y: -255}
    - - {x: 317, y: -232}
      - {x: 291, y: -232}
      - {x: 291, y: -255}
      - {x: 317, y: -255}
    - - {x: 349, y: -392}
      - {x: 323, y: -392}
      - {x: 323, y: -415}
      - {x: 349, y: -415}
    - - {x: 477, y: -392}
      - {x: 451, y: -392}
      - {x: 451, y: -415}
      - {x: 477, y: -415}
    - - {x: 509, y: -392}
      - {x: 483, y: -392}
      - {x: 483, y: -415}
      - {x: 509, y: -415}
    - - {x: 157, y: -392}
      - {x: 131, y: -392}
      - {x: 131, y: -415}
      - {x: 157, y: -415}
    - - {x: 189, y: -392}
      - {x: 163, y: -392}
      - {x: 163, y: -415}
      - {x: 189, y: -415}
    - - {x: 317, y: -392}
      - {x: 291, y: -392}
      - {x: 291, y: -415}
      - {x: 317, y: -415}
    - - {x: 637, y: -424}
      - {x: 611, y: -424}
      - {x: 611, y: -447}
      - {x: 637, y: -447}
--- !u!60 &60671287393334006
PolygonCollider2D:
  m_ObjectHideFlags: 1
  m_PrefabParentObject: {fileID: 0}
  m_PrefabInternal: {fileID: 100100000}
  m_GameObject: {fileID: 1882646307023302}
  m_Enabled: 1
  m_Density: 1
  m_Material: {fileID: 0}
  m_IsTrigger: 0
  m_UsedByEffector: 0
  m_UsedByComposite: 0
  m_Offset: {x: 0, y: 0}
  m_SpriteTilingProperty:
    border: {x: 0, y: 0, z: 0, w: 0}
    pivot: {x: 0, y: 0}
    oldSize: {x: 0, y: 0}
    newSize: {x: 0, y: 0}
    adaptiveTilingThreshold: 0
    drawMode: 0
    adaptiveTiling: 0
  m_AutoTiling: 0
  m_Points:
    m_Paths:
    - - {x: 634, y: -160}
      - {x: 640, y: -160}
      - {x: 640, y: -139}
      - {x: 608, y: -139}
      - {x: 608, y: -140}
      - {x: 576, y: -140}
      - {x: 576, y: -159}
      - {x: 608, y: -159}
      - {x: 608, y: -160}
      - {x: 582, y: -160}
      - {x: 582, y: -179}
      - {x: 634, y: -179}
    - - {x: 186, y: -224}
      - {x: 192, y: -224}
      - {x: 192, y: -203}
      - {x: 160, y: -203}
      - {x: 160, y: -204}
      - {x: 128, y: -204}
      - {x: 128, y: -223}
      - {x: 160, y: -223}
      - {x: 160, y: -224}
      - {x: 134, y: -224}
      - {x: 134, y: -243}
      - {x: 186, y: -243}
    - - {x: 346, y: -224}
      - {x: 352, y: -224}
      - {x: 352, y: -203}
      - {x: 320, y: -203}
      - {x: 320, y: -204}
      - {x: 288, y: -204}
      - {x: 288, y: -223}
      - {x: 320, y: -223}
      - {x: 320, y: -224}
      - {x: 294, y: -224}
      - {x: 294, y: -243}
      - {x: 346, y: -243}
    - - {x: 506, y: -224}
      - {x: 512, y: -224}
      - {x: 512, y: -203}
      - {x: 480, y: -203}
      - {x: 480, y: -204}
      - {x: 448, y: -204}
      - {x: 448, y: -223}
      - {x: 480, y: -223}
      - {x: 480, y: -224}
      - {x: 454, y: -224}
      - {x: 454, y: -243}
      - {x: 506, y: -243}
    - - {x: 346, y: -384}
      - {x: 352, y: -384}
      - {x: 352, y: -363}
      - {x: 320, y: -363}
      - {x: 320, y: -364}
      - {x: 288, y: -364}
      - {x: 288, y: -383}
      - {x: 320, y: -383}
      - {x: 320, y: -384}
      - {x: 294, y: -384}
      - {x: 294, y: -403}
      - {x: 346, y: -403}
    - - {x: 506, y: -384}
      - {x: 512, y: -384}
      - {x: 512, y: -363}
      - {x: 480, y: -363}
      - {x: 480, y: -364}
      - {x: 448, y: -364}
      - {x: 448, y: -383}
      - {x: 480, y: -383}
      - {x: 480, y: -384}
      - {x: 454, y: -384}
      - {x: 454, y: -403}
      - {x: 506, y: -403}
    - - {x: 186, y: -384}
      - {x: 192, y: -384}
      - {x: 192, y: -363}
      - {x: 160, y: -363}
      - {x: 160, y: -364}
      - {x: 128, y: -364}
      - {x: 128, y: -383}
      - {x: 160, y: -383}
      - {x: 160, y: -384}
      - {x: 134, y: -384}
      - {x: 134, y: -403}
      - {x: 186, y: -403}
    - - {x: 640, y: -396}
      - {x: 576, y: -396}
      - {x: 576, y: -415}
      - {x: 607, y: -415}
      - {x: 607, y: -416}
      - {x: 582, y: -416}
      - {x: 582, y: -435}
      - {x: 640, y: -435}
--- !u!60 &60770277901431364
PolygonCollider2D:
  m_ObjectHideFlags: 1
  m_PrefabParentObject: {fileID: 0}
  m_PrefabInternal: {fileID: 100100000}
  m_GameObject: {fileID: 1027364995971706}
  m_Enabled: 1
  m_Density: 1
  m_Material: {fileID: 0}
  m_IsTrigger: 0
  m_UsedByEffector: 0
  m_UsedByComposite: 0
  m_Offset: {x: 0, y: 0}
  m_SpriteTilingProperty:
    border: {x: 0, y: 0, z: 0, w: 0}
    pivot: {x: 0, y: 0}
    oldSize: {x: 0, y: 0}
    newSize: {x: 0, y: 0}
    adaptiveTilingThreshold: 0
    drawMode: 0
    adaptiveTiling: 0
  m_AutoTiling: 0
  m_Points:
    m_Paths:
    - - {x: 71, y: -95}
      - {x: 63, y: -95}
      - {x: 63, y: -128}
      - {x: 71, y: -128}
    - - {x: 615, y: -447}
      - {x: 607, y: -447}
      - {x: 607, y: -512}
      - {x: 615, y: -512}
    - - {x: 480, y: -448}
      - {x: 472, y: -448}
      - {x: 472, y: -479}
      - {x: 480, y: -479}
    - - {x: 480, y: -480}
      - {x: 472, y: -480}
      - {x: 472, y: -511}
      - {x: 480, y: -511}
--- !u!60 &60810030696563370
PolygonCollider2D:
  m_ObjectHideFlags: 1
  m_PrefabParentObject: {fileID: 0}
  m_PrefabInternal: {fileID: 100100000}
  m_GameObject: {fileID: 1630536138917002}
  m_Enabled: 1
  m_Density: 1
  m_Material: {fileID: 0}
  m_IsTrigger: 0
  m_UsedByEffector: 0
  m_UsedByComposite: 0
  m_Offset: {x: 0, y: 0}
  m_SpriteTilingProperty:
    border: {x: 0, y: 0, z: 0, w: 0}
    pivot: {x: 0, y: 0}
    oldSize: {x: 0, y: 0}
    newSize: {x: 0, y: 0}
    adaptiveTilingThreshold: 0
    drawMode: 0
    adaptiveTiling: 0
  m_AutoTiling: 0
  m_Points:
    m_Paths:
    - - {x: 347, y: -203}
      - {x: 346, y: -203}
      - {x: 346, y: -201}
      - {x: 348, y: -199}
      - {x: 348, y: -196}
      - {x: 345, y: -192}
      - {x: 325, y: -191}
      - {x: 323, y: -196}
      - {x: 322, y: -199}
      - {x: 325, y: -201}
      - {x: 324, y: -204}
      - {x: 324, y: -216}
      - {x: 325, y: -224}
      - {x: 347, y: -224}
    - - {x: 475, y: -203}
      - {x: 474, y: -203}
      - {x: 474, y: -201}
      - {x: 476, y: -199}
      - {x: 476, y: -196}
      - {x: 473, y: -192}
      - {x: 453, y: -191}
      - {x: 451, y: -196}
      - {x: 450, y: -199}
      - {x: 453, y: -201}
      - {x: 452, y: -204}
      - {x: 452, y: -216}
      - {x: 453, y: -224}
      - {x: 475, y: -224}
    - - {x: 507, y: -203}
      - {x: 506, y: -203}
      - {x: 506, y: -201}
      - {x: 508, y: -199}
      - {x: 508, y: -196}
      - {x: 505, y: -192}
      - {x: 485, y: -191}
      - {x: 483, y: -196}
      - {x: 482, y: -199}
      - {x: 485, y: -201}
      - {x: 484, y: -204}
      - {x: 484, y: -216}
      - {x: 485, y: -224}
      - {x: 507, y: -224}
    - - {x: 155, y: -203}
      - {x: 154, y: -203}
      - {x: 154, y: -201}
      - {x: 156, y: -199}
      - {x: 156, y: -196}
      - {x: 153, y: -192}
      - {x: 133, y: -191}
      - {x: 131, y: -196}
      - {x: 130, y: -199}
      - {x: 133, y: -201}
      - {x: 132, y: -204}
      - {x: 132, y: -216}
      - {x: 133, y: -224}
      - {x: 155, y: -224}
    - - {x: 187, y: -203}
      - {x: 186, y: -203}
      - {x: 186, y: -201}
      - {x: 188, y: -199}
      - {x: 188, y: -196}
      - {x: 185, y: -192}
      - {x: 165, y: -191}
      - {x: 163, y: -196}
      - {x: 162, y: -199}
      - {x: 165, y: -201}
      - {x: 164, y: -204}
      - {x: 164, y: -216}
      - {x: 165, y: -224}
      - {x: 187, y: -224}
    - - {x: 315, y: -203}
      - {x: 314, y: -203}
      - {x: 314, y: -201}
      - {x: 316, y: -199}
      - {x: 316, y: -196}
      - {x: 313, y: -192}
      - {x: 293, y: -191}
      - {x: 291, y: -196}
      - {x: 290, y: -199}
      - {x: 293, y: -201}
      - {x: 292, y: -204}
      - {x: 292, y: -216}
      - {x: 293, y: -224}
      - {x: 315, y: -224}
    - - {x: 347, y: -363}
      - {x: 346, y: -363}
      - {x: 346, y: -361}
      - {x: 348, y: -359}
      - {x: 348, y: -356}
      - {x: 345, y: -352}
      - {x: 325, y: -351}
      - {x: 323, y: -356}
      - {x: 322, y: -359}
      - {x: 325, y: -361}
      - {x: 324, y: -364}
      - {x: 324, y: -376}
      - {x: 325, y: -384}
      - {x: 347, y: -384}
    - - {x: 475, y: -363}
      - {x: 474, y: -363}
      - {x: 474, y: -361}
      - {x: 476, y: -359}
      - {x: 476, y: -356}
      - {x: 473, y: -352}
      - {x: 453, y: -351}
      - {x: 451, y: -356}
      - {x: 450, y: -359}
      - {x: 453, y: -361}
      - {x: 452, y: -364}
      - {x: 452, y: -376}
      - {x: 453, y: -384}
      - {x: 475, y: -384}
    - - {x: 507, y: -363}
      - {x: 506, y: -363}
      - {x: 506, y: -361}
      - {x: 508, y: -359}
      - {x: 508, y: -356}
      - {x: 505, y: -352}
      - {x: 485, y: -351}
      - {x: 483, y: -356}
      - {x: 482, y: -359}
      - {x: 485, y: -361}
      - {x: 484, y: -364}
      - {x: 484, y: -376}
      - {x: 485, y: -384}
      - {x: 507, y: -384}
    - - {x: 155, y: -363}
      - {x: 154, y: -363}
      - {x: 154, y: -361}
      - {x: 156, y: -359}
      - {x: 156, y: -356}
      - {x: 153, y: -352}
      - {x: 133, y: -351}
      - {x: 131, y: -356}
      - {x: 130, y: -359}
      - {x: 133, y: -361}
      - {x: 132, y: -364}
      - {x: 132, y: -376}
      - {x: 133, y: -384}
      - {x: 155, y: -384}
    - - {x: 187, y: -363}
      - {x: 186, y: -363}
      - {x: 186, y: -361}
      - {x: 188, y: -359}
      - {x: 188, y: -356}
      - {x: 185, y: -352}
      - {x: 165, y: -351}
      - {x: 163, y: -356}
      - {x: 162, y: -359}
      - {x: 165, y: -361}
      - {x: 164, y: -364}
      - {x: 164, y: -376}
      - {x: 165, y: -384}
      - {x: 187, y: -384}
    - - {x: 315, y: -363}
      - {x: 314, y: -363}
      - {x: 314, y: -361}
      - {x: 316, y: -359}
      - {x: 316, y: -356}
      - {x: 313, y: -352}
      - {x: 293, y: -351}
      - {x: 291, y: -356}
      - {x: 290, y: -359}
      - {x: 293, y: -361}
      - {x: 292, y: -364}
      - {x: 292, y: -376}
      - {x: 293, y: -384}
      - {x: 315, y: -384}
--- !u!60 &60897227711014326
PolygonCollider2D:
  m_ObjectHideFlags: 1
  m_PrefabParentObject: {fileID: 0}
  m_PrefabInternal: {fileID: 100100000}
  m_GameObject: {fileID: 1040624423663804}
  m_Enabled: 1
  m_Density: 1
  m_Material: {fileID: 0}
  m_IsTrigger: 0
  m_UsedByEffector: 0
  m_UsedByComposite: 0
  m_Offset: {x: 0, y: 0}
  m_SpriteTilingProperty:
    border: {x: 0, y: 0, z: 0, w: 0}
    pivot: {x: 0, y: 0}
    oldSize: {x: 0, y: 0}
    newSize: {x: 0, y: 0}
    adaptiveTilingThreshold: 0
    drawMode: 0
    adaptiveTiling: 0
  m_AutoTiling: 0
  m_Points:
    m_Paths:
    - - {x: 349, y: -232}
      - {x: 323, y: -232}
      - {x: 323, y: -255}
      - {x: 349, y: -255}
    - - {x: 477, y: -232}
      - {x: 451, y: -232}
      - {x: 451, y: -255}
      - {x: 477, y: -255}
    - - {x: 509, y: -232}
      - {x: 483, y: -232}
      - {x: 483, y: -255}
      - {x: 509, y: -255}
    - - {x: 157, y: -232}
      - {x: 131, y: -232}
      - {x: 131, y: -255}
      - {x: 157, y: -255}
    - - {x: 189, y: -232}
      - {x: 163, y: -232}
      - {x: 163, y: -255}
      - {x: 189, y: -255}
    - - {x: 317, y: -232}
      - {x: 291, y: -232}
      - {x: 291, y: -255}
      - {x: 317, y: -255}
    - - {x: 349, y: -392}
      - {x: 323, y: -392}
      - {x: 323, y: -415}
      - {x: 349, y: -415}
    - - {x: 477, y: -392}
      - {x: 451, y: -392}
      - {x: 451, y: -415}
      - {x: 477, y: -415}
    - - {x: 509, y: -392}
      - {x: 483, y: -392}
      - {x: 483, y: -415}
      - {x: 509, y: -415}
    - - {x: 157, y: -392}
      - {x: 131, y: -392}
      - {x: 131, y: -415}
      - {x: 157, y: -415}
    - - {x: 189, y: -392}
      - {x: 163, y: -392}
      - {x: 163, y: -415}
      - {x: 189, y: -415}
    - - {x: 317, y: -392}
      - {x: 291, y: -392}
      - {x: 291, y: -415}
      - {x: 317, y: -415}
    - - {x: 637, y: -424}
      - {x: 611, y: -424}
      - {x: 611, y: -447}
      - {x: 637, y: -447}
--- !u!60 &60881618370118550
PolygonCollider2D:
  m_ObjectHideFlags: 1
  m_PrefabParentObject: {fileID: 0}
  m_PrefabInternal: {fileID: 100100000}
  m_GameObject: {fileID: 1807035814387988}
  m_Enabled: 1
  m_Density: 1
  m_Material: {fileID: 0}
  m_IsTrigger: 0
  m_UsedByEffector: 0
  m_UsedByComposite: 0
  m_Offset: {x: 0, y: 0}
  m_SpriteTilingProperty:
    border: {x: 0, y: 0, z: 0, w: 0}
    pivot: {x: 0, y: 0}
    oldSize: {x: 0, y: 0}
    newSize: {x: 0, y: 0}
    adaptiveTilingThreshold: 0
    drawMode: 0
    adaptiveTiling: 0
  m_AutoTiling: 0
  m_Points:
    m_Paths:
    - - {x: 71, y: -63}
      - {x: 63, y: -63}
      - {x: 63, y: -96}
      - {x: 71, y: -96}
    - - {x: 640, y: -64}
      - {x: 632, y: -64}
      - {x: 632, y: -95}
      - {x: 640, y: -95}
    - - {x: 640, y: -96}
      - {x: 632, y: -96}
      - {x: 632, y: -127}
      - {x: 640, y: -127}
    - - {x: 575, y: -106}
      - {x: 545, y: -106}
      - {x: 545, y: -127}
      - {x: 575, y: -127}
    - - {x: 607, y: -106}
      - {x: 577, y: -106}
      - {x: 577, y: -127}
      - {x: 607, y: -127}
    - - {x: 127, y: -106}
      - {x: 97, y: -106}
      - {x: 97, y: -127}
      - {x: 127, y: -127}
    - - {x: 640, y: -128}
      - {x: 632, y: -128}
      - {x: 632, y: -159}
      - {x: 640, y: -159}
    - - {x: 640, y: -160}
      - {x: 632, y: -160}
      - {x: 632, y: -191}
      - {x: 640, y: -191}
    - - {x: 640, y: -192}
      - {x: 632, y: -192}
      - {x: 632, y: -223}
      - {x: 640, y: -223}
    - - {x: 640, y: -224}
      - {x: 632, y: -224}
      - {x: 632, y: -255}
      - {x: 640, y: -255}
    - - {x: 640, y: -256}
      - {x: 632, y: -256}
      - {x: 632, y: -287}
      - {x: 640, y: -287}
    - - {x: 640, y: -288}
      - {x: 632, y: -288}
      - {x: 632, y: -319}
      - {x: 640, y: -319}
    - - {x: 640, y: -320}
      - {x: 632, y: -320}
      - {x: 632, y: -351}
      - {x: 640, y: -351}
    - - {x: 640, y: -352}
      - {x: 632, y: -352}
      - {x: 632, y: -383}
      - {x: 640, y: -383}
    - - {x: 640, y: -384}
      - {x: 632, y: -384}
      - {x: 632, y: -415}
      - {x: 640, y: -415}
    - - {x: 639, y: -447}
      - {x: 640, y: -447}
      - {x: 640, y: -416}
      - {x: 632, y: -416}
      - {x: 632, y: -447}
      - {x: 543, y: -447}
      - {x: 543, y: -448}
      - {x: 512, y: -448}
      - {x: 512, y: -455}
      - {x: 543, y: -455}
      - {x: 543, y: -456}
      - {x: 639, y: -456}
    - - {x: 71, y: -127}
      - {x: 95, y: -127}
      - {x: 95, y: -106}
      - {x: 65, y: -106}
      - {x: 65, y: -127}
      - {x: 63, y: -127}
      - {x: 63, y: -456}
      - {x: 511, y: -456}
      - {x: 511, y: -447}
      - {x: 71, y: -447}
--- !u!60 &60888773221119002
PolygonCollider2D:
  m_ObjectHideFlags: 1
  m_PrefabParentObject: {fileID: 0}
  m_PrefabInternal: {fileID: 100100000}
  m_GameObject: {fileID: 1411135258021778}
  m_Enabled: 1
  m_Density: 1
  m_Material: {fileID: 0}
  m_IsTrigger: 0
  m_UsedByEffector: 0
  m_UsedByComposite: 0
  m_Offset: {x: 0, y: 0}
  m_SpriteTilingProperty:
    border: {x: 0, y: 0, z: 0, w: 0}
    pivot: {x: 0, y: 0}
    oldSize: {x: 0, y: 0}
    newSize: {x: 0, y: 0}
    adaptiveTilingThreshold: 0
    drawMode: 0
    adaptiveTiling: 0
  m_AutoTiling: 0
  m_Points:
    m_Paths:
    - - {x: 64, y: -96}
      - {x: 63, y: -96}
      - {x: 63, y: -159}
      - {x: 95, y: -159}
      - {x: 95, y: -160}
      - {x: 608, y: -160}
      - {x: 608, y: -159}
      - {x: 640, y: -159}
      - {x: 640, y: -128}
      - {x: 608, y: -128}
      - {x: 608, y: -127}
      - {x: 640, y: -127}
      - {x: 640, y: -64}
      - {x: 64, y: -64}
--- !u!114 &114065327149571146
MonoBehaviour:
  m_ObjectHideFlags: 1
  m_PrefabParentObject: {fileID: 0}
  m_PrefabInternal: {fileID: 100100000}
  m_GameObject: {fileID: 1590467471056928}
  m_Enabled: 1
  m_EditorHideFlags: 0
  m_Script: {fileID: 11500000, guid: 36f478cbe2fdbeb43a1a2ec45e99ca69, type: 3}
  m_Name: 
  m_EditorClassIdentifier: 
  Offset: {x: 0, y: 0}
--- !u!114 &114113017445466498
MonoBehaviour:
  m_ObjectHideFlags: 1
  m_PrefabParentObject: {fileID: 0}
  m_PrefabInternal: {fileID: 100100000}
  m_GameObject: {fileID: 1483232686023212}
  m_Enabled: 1
  m_EditorHideFlags: 0
  m_Script: {fileID: 11500000, guid: 36f478cbe2fdbeb43a1a2ec45e99ca69, type: 3}
  m_Name: 
  m_EditorClassIdentifier: 
  Offset: {x: 2, y: -14}
--- !u!114 &114117030453264914
MonoBehaviour:
  m_ObjectHideFlags: 1
  m_PrefabParentObject: {fileID: 0}
  m_PrefabInternal: {fileID: 100100000}
  m_GameObject: {fileID: 1753119995223448}
  m_Enabled: 1
  m_EditorHideFlags: 0
  m_Script: {fileID: 11500000, guid: 36f478cbe2fdbeb43a1a2ec45e99ca69, type: 3}
  m_Name: 
  m_EditorClassIdentifier: 
  Offset: {x: 0, y: 0}
--- !u!114 &114117822437922760
MonoBehaviour:
  m_ObjectHideFlags: 1
  m_PrefabParentObject: {fileID: 0}
  m_PrefabInternal: {fileID: 100100000}
  m_GameObject: {fileID: 1710386751132958}
  m_Enabled: 1
  m_EditorHideFlags: 0
  m_Script: {fileID: 11500000, guid: c0619e460a775cc458d37cb4a214a189, type: 3}
  m_Name: 
  m_EditorClassIdentifier: 
  Orientation: 0
  StaggerAxis: 1
  StaggerIndex: 0
  HexSideLength: 0
  NumLayers: 10
  NumTilesWide: 22
  NumTilesHigh: 16
  TileWidth: 32
  TileHeight: 32
  ExportScale: 1
  MapWidthInPixels: 704
  MapHeightInPixels: 512
  BackgroundColor: {r: 0.5019608, g: 0.5019608, b: 0.5019608, a: 1}
--- !u!114 &114373341807849768
MonoBehaviour:
  m_ObjectHideFlags: 1
  m_PrefabParentObject: {fileID: 0}
  m_PrefabInternal: {fileID: 100100000}
  m_GameObject: {fileID: 1346117748053464}
  m_Enabled: 1
  m_EditorHideFlags: 0
  m_Script: {fileID: 11500000, guid: 36f478cbe2fdbeb43a1a2ec45e99ca69, type: 3}
  m_Name: 
  m_EditorClassIdentifier: 
  Offset: {x: 0, y: 0}
--- !u!114 &114459223666866416
MonoBehaviour:
  m_ObjectHideFlags: 1
  m_PrefabParentObject: {fileID: 0}
  m_PrefabInternal: {fileID: 100100000}
  m_GameObject: {fileID: 1736343919173758}
  m_Enabled: 1
  m_EditorHideFlags: 0
  m_Script: {fileID: 11500000, guid: 36f478cbe2fdbeb43a1a2ec45e99ca69, type: 3}
  m_Name: 
  m_EditorClassIdentifier: 
  Offset: {x: 0, y: 0}
--- !u!114 &114499339196847678
MonoBehaviour:
  m_ObjectHideFlags: 1
  m_PrefabParentObject: {fileID: 0}
  m_PrefabInternal: {fileID: 100100000}
  m_GameObject: {fileID: 1372463728106826}
  m_Enabled: 1
  m_EditorHideFlags: 0
  m_Script: {fileID: 11500000, guid: 36f478cbe2fdbeb43a1a2ec45e99ca69, type: 3}
  m_Name: 
  m_EditorClassIdentifier: 
  Offset: {x: 0, y: 0}
--- !u!114 &114762938935263012
MonoBehaviour:
  m_ObjectHideFlags: 1
  m_PrefabParentObject: {fileID: 0}
  m_PrefabInternal: {fileID: 100100000}
  m_GameObject: {fileID: 1806516731648674}
  m_Enabled: 1
  m_EditorHideFlags: 0
  m_Script: {fileID: 11500000, guid: a51caf12a19b7254f8704f907629aca9, type: 3}
  m_Name: 
  m_EditorClassIdentifier: 
  Offset: {x: 0, y: 0}
--- !u!114 &114812939216562920
MonoBehaviour:
  m_ObjectHideFlags: 1
  m_PrefabParentObject: {fileID: 0}
  m_PrefabInternal: {fileID: 100100000}
  m_GameObject: {fileID: 1921440813577446}
  m_Enabled: 1
  m_EditorHideFlags: 0
  m_Script: {fileID: 11500000, guid: 36f478cbe2fdbeb43a1a2ec45e99ca69, type: 3}
  m_Name: 
  m_EditorClassIdentifier: 
  Offset: {x: 0, y: 0}
--- !u!114 &114926139159598568
MonoBehaviour:
  m_ObjectHideFlags: 1
  m_PrefabParentObject: {fileID: 0}
  m_PrefabInternal: {fileID: 100100000}
  m_GameObject: {fileID: 1821649364852676}
  m_Enabled: 1
  m_EditorHideFlags: 0
  m_Script: {fileID: 11500000, guid: 36f478cbe2fdbeb43a1a2ec45e99ca69, type: 3}
  m_Name: 
  m_EditorClassIdentifier: 
  Offset: {x: 0, y: 0}
--- !u!114 &114971411062108972
MonoBehaviour:
  m_ObjectHideFlags: 1
  m_PrefabParentObject: {fileID: 0}
  m_PrefabInternal: {fileID: 100100000}
  m_GameObject: {fileID: 1236061543886998}
  m_Enabled: 1
  m_EditorHideFlags: 0
  m_Script: {fileID: 11500000, guid: 36f478cbe2fdbeb43a1a2ec45e99ca69, type: 3}
  m_Name: 
  m_EditorClassIdentifier: 
  Offset: {x: 0, y: 0}
--- !u!114 &114976574392704066
MonoBehaviour:
  m_ObjectHideFlags: 1
  m_PrefabParentObject: {fileID: 0}
  m_PrefabInternal: {fileID: 100100000}
  m_GameObject: {fileID: 1324599093989776}
  m_Enabled: 1
  m_EditorHideFlags: 0
  m_Script: {fileID: 11500000, guid: 36f478cbe2fdbeb43a1a2ec45e99ca69, type: 3}
  m_Name: 
  m_EditorClassIdentifier: 
  Offset: {x: 0, y: 0}
